3424 5296
591 279 880 344 ...59-

337 475 366 536 5.
399 469 455 536 De
477 476 644 540 senatus
666 471 899 551 oonsnltis¹)
921 469 1074 555 legatis
1097 471 1215 540 datis.

237 623 412 707 Postquam
420 625 442 701 ²)
465 630 596 694 senatus
619 623 770 694 dimissus
792 631 855 708 est,
881 625 910 693 is
932 626 1138 710 magistratus
1160 625 1214 710 qui
1235 645 1307 692 oum
1329 645 1399 694 eoe-

148 742 242 817 gerat
257 741 390 803 senatus
405 737 586 803 eonsultum
601 736 782 804 laoiendum
797 736 920 804 auravit
935 755 975 802 ex
990 737 1030 804 iis
1045 757 1128 821 quae
1142 743 1238 803 antea
1253 737 1398 822 seripto')

149 845 308 913 mandata
329 853 428 912 erant.
465 845 537 926 Qua
558 847 590 912 in
613 869 649 914 re
671 868 742 914 eum
764 845 910 914 adiuvari
930 868 951 913 a
973 847 1163 924 nonnullis⁴)
1185 847 1398 930 senatoribus,

148 959 204 1040 qui
227 955 399 1024 seribendo
421 956 601 1040 adsuerunt,
624 965 733 1024 notum
755 963 814 1026 est.
858 955 981 1036 Quibus
1004 958 1100 1025 rebus
1121 957 1274 1026 eontentis
1296 963 1398 1024 sotum

147 1069 209 1136 rite
237 1067 451 1152 oonsoriptnm
479 1069 514 1134 in
541 1069 727 1148 aerarium)
749 1067 876 1134 Saturni
908 1067 1048 1134 delatum
1071 1074 1136 1146 est,
1166 1067 1251 1152 quod
1273 1068 1398 1136 soribae
1466 1119 1468 1122 -

148 1179 322 1262 quaestorii
340 1180 374 1244 in
389 1177 544 1261 oodioes⁸l
566 1179 721 1245 referrent
742 1179 940 1262 altemmque
954 1179 1136 1264 exemplum
1153 1177 1398 1248 describendum

148 1296 307 1356 ourarent.
344 1290 488 1356 Alterum
511 1291 596 1356 enim
618 1290 801 1374 exemplum
823 1289 938 1372 legatis
960 1289 1104 1374 dabatur,
1127 1291 1262 1356 alterum
1276 1291 1398 1356 Romae

148 1401 349 1482 serrabatur,
378 1407 413 1466 ut
442 1401 469 1468 si
497 1421 578 1486 opus
601 1411 688 1468 esset
709 1400 803 1468 huius
825 1401 965 1486 exempli
989 1399 1052 1472 fide
1074 1402 1311 1470 controversiae
1332 1400 1397 1468 dis·

147 1513 395 1587 eernerentuffl).

233 1621 301 1688 Sed
336 1623 364 1688 si
400 1627 533 1688 senatus
566 1621 712 1688 eonsulta
748 1621 868 1688 fiebant
901 1621 941 1688 de
973 1622 1105 1689 Graeois
1137 1643 1201 1688 non
1235 1643 1256 1688 a
1286 1623 1397 1690 Sullae

148 1733 276 1800 demum
292 1738 408 1816 aetate,
431 1732 490 1798 sed
506 1730 625 1798 dudum
640 1737 737 1799 antea
751 1752 900 1816 graeoam
922 1733 1216 1818 interpretationem
1238 1732 1396 1800 adieotam

148 1843 263 1925 tuisse,
296 1862 337 1909 ex
365 1843 442 1910 sotis
473 1840 514 1909 de
541 1842 711 1909 Thisbaeis
738 1849 884 1928 apparet.
928 1843 962 1910 Si
990 1863 1080 1928 vero
1095 1850 1225 1912 senatus
1252 1845 1398 1910 eonsulta

146 1974 261 2038 graece
284 1955 403 2038 seripta
424 1955 508 2020 inter
530 1973 565 2020 se
587 1953 789 2036 conformas,
813 1974 852 2020 ea
873 1973 1000 2038 semper
1022 1954 1216 2021 Graeoorum
1238 1956 1396 2021 eommuni

149 2063 287 2131 dialecto
320 2071 505 2150 comparata
536 2083 610 2132 esse
638 2063 828 2132 invenimus.
883 2063 963 2130 Cum
991 2073 1098 2131 autem
1126 2065 1226 2132 verba
1253 2065 1396 2148 legitima

146 2175 223 2243 iuris
257 2175 378 2260 publiei
406 2175 543 2241 Romani
575 2175 609 2241 in
641 2175 825 2244 universum
854 2175 962 2242 verbis
994 2175 1089 2241 eertis
1123 2181 1155 2240 et
1186 2175 1396 2242 sollemnibus

147 2286 291 2352 eonverti
324 2286 465 2368 soleant,
498 2285 566 2352 veri
599 2307 695 2369 quam
728 2285 923 2353 simillimum
955 2290 1019 2368 est,
1057 2286 1178 2352 Romae
1211 2286 1339 2370 publioe
1374 2306 1396 2351 a

146 2395 336 2480 quaestoriis
367 2396 480 2463 scribis
505 2395 636 2480 linguae
658 2397 851 2464 Graeeorum
873 2395 985 2480 peritis
1005 2395 1301 2482 interpretationem
1322 2415 1396 2464 esse

145 2508 263 2574 laetam
287 2526 421 2590 eamque
443 2507 630 2574 auctoritate
651 2506 781 2592 publiea
802 2526 875 2574 esse
896 2507 1125 2574 confirmatam.

230 2619 309 2685 Post
327 2617 500 2684 nonnullos
515 2623 621 2684 antem
637 2616 706 2685 dies
727 2619 828 2704 legati
850 2629 1050 2703 quaestorem
1072 2620 1229 2685 urbanum
1250 2617 1394 2702 adibant,
1494 2645 1496 2651 ’

144 2735 180 2796 ut
213 2735 346 2797 senatus
374 2729 555 2796 eonsultum
586 2729 776 2812 aoeipereut.
827 2727 899 2808 Qua
927 2730 1094 2796 ooeasione
1125 2729 1234 2794 oblata
1260 2729 1301 2796 iis
1328 2749 1394 2794 non

142 2898 165 2966 1,
183 2915 210 2967 p.
223 2902 281 2962 llll)
299 2913 350 2953 nos
368 2895 465 2952 elicere
482 2913 537 2952 non
553 2911 708 2966 possumus,
726 2895 798 2966 quod
815 2912 885 2966 quae
902 2912 995 2954 eorum
1011 2897 1093 2966 legati
1105 2897 1207 2954 Romae
1219 2897 1395 2966 exposuerint

143 3007 258 3062 prorsus
281 2991 424 3046 noscimus.
459 2991 554 3060 Itaque
577 2991 646 3046 haee
668 2990 790 3060 quaestio
813 2989 847 3046 de
869 2989 966 3060 legatis
991 3005 1020 3046 se
1036 2992 1214 3062 purgantibus
1232 3007 1250 3046 a
1266 2989 1346 3046 nobis
1362 2990 1392 3044 in

145 3085 227 3140 dubio
244 3085 415 3155 relinquitur.

214 3181 238 3244 1)
264 3179 324 3234 Hoe
351 3180 411 3234 loeo
435 3194 487 3234 nos
508 3177 576 3234 nibil
598 3177 657 3233 iere
679 3178 742 3234 novi
764 3177 860 3234 afferre
881 3195 1040 3248 possumus,
1064 3179 1137 3249 quod
1159 3179 1214 3234 iem
1230 3179 1393 3244 Foueartus,

145 3274 329 3329 Mommsenus
346 3271 393 3326 alii
411 3271 462 3326 viri
478 3270 551 3327 docti
569 3287 661 3328 omnes
679 3271 853 3326 difficultates
865 3274 1041 3340 sustulerunt,
1059 3279 1186 3340 attamen,
1204 3279 1236 3327 ut
1247 3272 1390 3341 disputati·

143 3367 271 3424 unoulunr
298 3365 377 3436 plene
403 3370 584 3435 accurateque
610 3363 795 3434 perficiamus,
821 3365 911 3420 omnia
935 3367 988 3421 hoo
1011 3367 1071 3421 loeo
1094 3366 1219 3436 colligare
1241 3365 1319 3420 nobis
1336 3381 1393 3420 non

145 3473 373 3531 supervacaneum
390 3473 451 3513 esse
466 3457 578 3514 uidetur.
664 3463 690 3523 2)
712 3459 787 3513 Raro
810 3458 854 3526 fit,
876 3461 908 3513 nt
925 3464 1069 3540 antequam
1086 3466 1196 3515 senatus
1214 3459 1340 3514 dimissus
1358 3458 1393 3513 sit

144 3558 232 3608 satum
249 3555 436 3621 componatur.
458 3549 679 3621 Dionysxltl.
701 3551 811 3621 Langii:
829 3552 862 3607 R.
872 3553 905 3606 A.
916 3553 964 3621 11²,
974 3559 1031 3608 390.
1102 3558 1128 3619 3)
1146 3553 1214 3608 Inde
1231 3569 1249 3608 a
1266 3551 1392 3608 caesaris

143 3646 311 3716 temporibus
336 3644 427 3699 omnia
450 3659 519 3714 quae
540 3643 569 3698 in
591 3649 688 3700 senatu
710 3646 861 3714 agebantur
886 3646 1040 3716 conscripta
1057 3663 1118 3702 esse
1134 3647 1188 3702 iarn
1205 3661 1290 3716 supra
1306 3661 1391 3701 anno·

142 3740 266 3797 terimur.
289 3737 344 3794 Sed
361 3737 425 3793 inde
441 3755 497 3794 non
514 3738 643 3806 sequitur,
660 3743 691 3792 ut
708 3753 763 3793 non
780 3739 936 3794 iamdudum
954 3743 1035 3795 antea
1047 3741 1221 3809 consulquaa
1238 3739 1392 3795 necessaria

142 3835 200 3890 visa
217 3834 273 3890 sint
289 3834 419 3888 accurate
429 3832 531 3902 soripto
544 3831 712 3886 mandaverit
728 3832 796 3898 (Lis.
806 3832 920 3902 XXXII,
935 3837 970 3899 8).
1019 3881 1021 3886 ,
1039 3835 1065 3898 tl
1084 3833 1294 3902 Magistratuum
1306 3849 1392 3903 usque

142 3927 178 3984 ad
202 3927 295 3984 Sullae
317 3931 440 3994 tempora
462 3940 550 3994 nsque
571 3924 660 3980 tribus
683 3941 770 3995 neque
795 3926 954 3996 cognomina
976 3925 1050 3992 addi,
1076 3931 1232 3982 senatorum
1255 3942 1319 3982 vero
1345 3927 1392 3996 qui

142 4020 285 4077 scribendo
310 4018 456 4074 adfuerunt
481 4019 596 4088 primum
623 4019 725 4086 tribus,
752 4024 850 4092 postea
873 4020 955 4075 etiam
978 4020 1139 4088 cognomina
1162 4020 1291 4086 indicari,
1317 4036 1390 4074 nune

144 4117 253 4171 constat
274 4117 309 4181 (r.
327 4112 500 4168 Mommseni:
523 4113 637 4182 Ephem.
656 4113 738 4182 epigr.
762 4115 788 4177 1,
812 4118 870 4168 289.
905 4112 1106 4170 Mendelssohni
1128 4112 1146 4166 1.
1164 4129 1185 4168 s.
1209 4131 1236 4183 p.
1257 4117 1322 4174 ¹19!-

143 4210 169 4274 5)
185 4225 209 4263 v.
225 4206 398 4262 Mommseni:
418 4207 462 4262 sui
478 4206 551 4262 modi
568 4222 607 4274 sq.
625 4205 655 4260 in
672 4207 763 4262 annali
780 4205 868 4272 XXX,
880 4211 926 4262 181
938 4223 976 4277 sq.
1046 4209 1072 4273 6)
1089 4206 1273 4262 Mommsenus
1290 4205 1389 4270 (Herm.

141 4301 177 4366 11,
190 4304 299 4369 toesq.)
316 4301 349 4356 de
367 4298 508 4355 codicibus
525 4299 554 4354 in
571 4299 669 4370 quibus
686 4301 796 4356 tabulae
812 4300 875 4355 illae
891 4300 1016 4370 publicae
1033 4301 1211 4356 servabantur
1227 4299 1295 4354 haee
1307 4298 1392 4353 verba

141 4394 210 4450 feeit
227 4387 279 4450 ‘die
301 4393 343 4448 ins
360 4391 462 4448 Archiv
484 4392 677 4462 abgelieferten
693 4393 782 4448 Acten
804 4392 896 4450 bilden
918 4393 997 4449 einen
1022 4394 1118 4456 codex,
1140 4393 1188 4448 der
1211 4407 1262 4447 aus
1278 4391 1390 4447 tabulae
1432 4461 1435 4470 ι

140 4487 250 4542 bestebt
266 4486 322 4542 und
339 4484 430 4541 weitai·
446 4485 537 4542 niebts
553 4486 598 4554 ist,
615 4487 656 4542 als
675 4486 717 4541 eiu
733 4486 763 4541 in
773 4485 921 4542 Bretteben
932 4488 1126 4543 nersehnittnes
1136 4486 1283 4541 Holnstliek
1294 4485 1390 4552 (codex

141 4583 254 4636 ansatus
273 4581 297 4636 (l
315 4580 342 4634 h.
361 4579 411 4636 mit
427 4578 514 4636 eiuem
531 4578 602 4634 Griff
620 4595 682 4635 zum
698 4577 894 4649 Anthengenl’.
979 4585 1005 4646 t)
1027 4580 1109 4636 Sioul.
1127 4580 1218 4635 Flaoo.
1235 4595 1263 4650 p.
1284 4583 1332 4636 154
1350 4596 1388 4650 sq.

142 4673 238 4746 Hygin.
256 4691 284 4744 p.
304 4677 364 4741 202,
383 4677 421 4728 11.
456 4689 480 4728 v.
498 4671 638 4729 Rudorlfi:
655 4672 758 4729 Feldm.
776 4672 811 4740 11,
831 4677 887 4729 115.
1298 4697 1300 4701 ’
