3424 5296
804 172 1013 285 ..53-

284 391 422 457 hostium
450 389 549 472 legati
579 425 621 435 —
650 395 682 455 et
710 388 744 454 In
772 395 886 456 senatu
914 395 945 454 et
973 408 1031 472 pro
1060 387 1206 454 cendone
1236 387 1277 455 de
1304 388 1382 455 belli
1412 395 1536 456 eventu

284 501 473 584 rettulisset,
502 499 617 581 legatis
646 505 701 563 aut
729 498 762 564 in
785 498 973 582 Apollinis¹l
995 505 1050 564 aut
1072 498 1105 564 in
1129 499 1312 574 Bellonae²l
1335 497 1417 565 aede
1439 517 1537 566 sena·

285 618 352 677 tum
375 610 481 676 dabat.

292 823 296 833 '
369 829 571 892 Introductus
603 848 674 894 esse
703 827 826 911 legatos
855 849 876 893 a
904 827 1028 891 coaude
1057 827 1246 894 testimoniis
1265 827 1447 896 afferendIs
1476 827 1537 894 de-

285 946 463 1008 monstrare
484 939 540 1003 rix
562 958 642 1021 opus
664 957 735 1004 esse
756 938 921 1014 videturi).
964 938 1166 1002 Dictator-em
1194 941 1285 1019 vero,
1316 939 1343 1004 si
1373 957 1535 1026 summum

285 1052 451 1136 imperium
479 1049 626 1130 tenebat,
656 1049 779 1130 legatos
806 1047 1037 1126 introduxisse,
1072 1047 1149 1114 item
1179 1069 1236 1132 per
1265 1069 1301 1116 se
1330 1053 1419 1132 patet
1447 1049 1534 1121 (Liv.

286 1162 400 1243 XXII,
424 1164 485 1238 59).
530 1157 564 1222 Si
586 1177 660 1224 vero
683 1158 830 1224 consules
857 1163 913 1223 aut
941 1157 1076 1224 aberant
1096 1166 1153 1224 aut
1174 1179 1250 1226 casu
1272 1159 1411 1242 quodam
1431 1157 1536 1242 impe-

287 1273 470 1354 diebantur,
501 1269 667 1352 quominus
695 1268 811 1351 legatis
840 1273 986 1334 senatum
1016 1267 1143 1352 darent,
1168 1278 1351 1352 praetorem
1373 1269 1534 1334 urbanum

288 1402 342 1448 eos
377 1379 590 1446 introduxisse
625 1377 910 1444 innumerabilibus
944 1379 1128 1462 exemplis⁴l
1164 1379 1332 1464 scriptores
1364 1385 1533 1446 testantur.

287 1493 434 1574 Denique
465 1489 549 1572 quod
582 1510 643 1552 cao
676 1489 746 1554 loco
777 1489 856 1567 (Pol.
878 1489 989 1571 XXX,
1012 1493 1044 1567 4)
1073 1477 1231 1556 Antonius
1264 1489 1405 1552 cerberos
1431 1487 1535 1573 plebis

288 1600 400 1682 dicitur
427 1601 551 1683 legatos
573 1599 716 1665 Rhodios
744 1619 774 1664 a.
798 1596 931 1678 587l167
955 1599 988 1663 in
1011 1607 1156 1666 senatum
1182 1599 1400 1666 introduxisse
1421 1604 1536 1664 contra

286 1711 370 1776 Livii
392 1710 610 1776 auctoritatem
619 1711 641 1787 5)
669 1711 703 1774 in
724 1709 907 1774 universum
929 1711 1090 1775 narrantis
1111 1710 1153 1774 M.
1175 1709 1265 1774 Iunio
1288 1709 1432 1776 eiusdem
1454 1709 1535 1774 anni

287 1821 407 1886 consuli
430 1820 608 1902 legationes
624 1839 706 1901 quae
720 1820 852 1884 Romam
868 1819 1030 1886 venissent
1043 1819 1245 1886 introducere
1259 1820 1428 1903 placuisse,
1452 1819 1534 1886 haec

287 1931 384 1999 statui
406 1949 500 2014 posse
522 1929 678 1996 videntur.
722 1928 875 2008 Quamvis
903 1929 987 1994 enim
1016 1928 1057 1996 de
1078 1931 1213 1996 RhodiIs
1234 1927 1365 2013 legabis,
1395 1951 1465 1996 cum
1487 1931 1533 1996 M.

287 2043 413 2106 Iunium
442 2041 605 2106 consulem
632 2039 788 2106 adiissent
816 2058 920 2122 neque
948 2046 1055 2106 tamen
1084 2045 1231 2106 senatum
1262 2041 1535 2124 impetravissent,

287 2152 474 2218 acerrimum
497 2157 582 2216 esset
603 2157 773 2231 certamen,
797 2156 905 2214 tamen
920 2169 1023 2232 neque
1038 2149 1125 2234 apud
1140 2151 1310 2235 Polybium
1326 2170 1430 2235 neque
1444 2151 1535 2234 apud

287 2263 412 2328 Livium
434 2261 476 2327 de
499 2262 628 2326 consule
656 2260 774 2327 mentio
803 2257 837 2324 fit
864 2259 972 2343 itaque
993 2261 1021 2327 is
1042 2261 1214 2344 impeditus
1235 2261 1375 2328 abfuisse
1396 2261 1535 2326 videtur.

287 2374 400 2454 Itaque
416 2367 468 2436 Μ’.
483 2371 647 2436 Iuventius
663 2371 791 2436 Thalna
812 2376 940 2454 praetor
963 2381 1072 2433 contro
1093 2391 1180 2434 orum
1203 2379 1278 2437 ante
1300 2391 1365 2436 non
1387 2371 1534 2437 consulto

264 2488 417 2563 senatu,
451 2501 515 2545 non
548 2480 732 2546 consulibus
759 2479 945 2546 certioribus
972 2480 1064 2546 factis
1093 2480 1134 2548 do
1162 2502 1220 2548 sua
1252 2481 1346 2548 unius
1373 2481 1537 2547 sententie.

287 2592 485 2675 rogationem
507 2591 590 2656 ferre
612 2591 645 2654 in
667 2589 803 2655 comitiis
824 2589 975 2665 artosol)
998 2591 1101 2674 potuit
1123 2591 1164 2656 de
1185 2591 1271 2656 bello
1293 2591 1427 2656 Rhodiis
1451 2591 1537 2656 indi·

288 2701 399 2768 cende.
434 2699 491 2765 Oui
513 2700 631 2766 actioni
654 2717 723 2765 cum
746 2699 863 2764 tribuni
878 2701 983 2782 plebis
998 2721 1063 2766 non
1080 2700 1225 2767 dubitent
1246 2701 1442 2767 intercedere
1457 2707 1536 2768 ante

289 2818 414 2895 tempus
437 2821 547 2873 contro
569 2831 666 2892 urum,
690 2811 845 2876 absonum
860 2818 998 2892 nonest,
1020 2811 1182 2877 tribunum
1196 2811 1311 2894 plebis,
1335 2811 1384 2876 cui
1399 2811 1448 2877 ius
1464 2819 1537 2877 erat

289 2941 359 2988 cum
382 2927 496 2988 senatu
517 2919 644 3003 agendi,
669 2931 779 2983 contro
800 2940 887 2983 arom
909 2921 1033 3004 legatos
1054 2921 1308 2997 introduxisseb.

374 3030 572 3118 Magistratui
594 3051 670 3098 vero
691 3032 815 3113 legatos
837 3031 1049 3098 introducenti
1071 3038 1217 3098 accurate
1240 3051 1310 3098 esse
1331 3029 1537 3098 animadver-

289 3140 436 3221 tendum,
459 3161 537 3205 num
559 3160 669 3206 omnes
691 3141 804 3224 legati,
829 3141 883 3224 qui
904 3161 975 3207 eum
998 3141 1151 3224 adierint,
1174 3141 1296 3224 adsint,
1320 3178 1361 3187 -
1383 3141 1484 3224 quod,
1509 3142 1537 3208 si

289 3253 360 3334 quis
381 3252 558 3334 legatorum
581 3271 644 3316 non
666 3249 792 3333 aderat,
822 3252 892 3334 ipso
914 3253 982 3319 iure
1004 3251 1045 3318 de
1067 3251 1228 3334 legatione
1250 3271 1353 3318 sermo
1376 3271 1447 3318 esse
1469 3273 1537 3318 non

359 3473 382 3535 l)
400 3469 458 3523 Lir.
475 3467 601 3536 XXXIV,
617 3473 656 3523 13.
725 3471 750 3532 2)
768 3468 824 3523 Liv.
842 3467 928 3533 XXX,
948 3473 989 3536 21,
1008 3475 1048 3523 40.
1075 3469 1202 3538 XXXIII,
1221 3473 1261 3524 24.
1288 3467 1373 3537 XLII,
1392 3475 1433 3524 36.
1460 3470 1538 3526 Fest.

289 3581 315 3634 p.
336 3568 383 3618 341
403 3561 442 3616 M.
477 3562 560 3631 Apud
581 3561 687 3614 Livium
710 3575 815 3631 semper
838 3562 936 3616 dicitur
960 3567 1069 3618 senatus
1087 3563 1146 3618 dari
1163 3563 1201 3618 ad
1217 3563 1310 3618 aedem
1327 3563 1464 3617 Bellonae.

291 3661 315 3722 3)
333 3656 423 3712 Unum
441 3655 547 3726 Polybii
569 3653 752 3710 testimonium
776 3654 886 3709 afferam
904 3655 956 3710 hoc
971 3653 1026 3712 ἐἲς
1043 3674 1071 3708 τε
1089 3655 1139 3720 τὴν
1157 3655 1305 3725 σύγκλητον
1324 3643 1400 3708 οὗτοι
1418 3657 1445 3721 (i.
1466 3672 1488 3712 e.
1509 3655 1540 3710 οἱ

289 3745 398 3814 ὕπατοι)
418 3747 466 3806 τὰς
483 3747 628 3820 πρεσβείας
645 3743 770 3815 ἄγουσιν.
804 3764 830 3801 v.
848 3747 957 3818 PaulyI:
969 3735 1104 3804 'Realenc
1123 3749 1156 3814 V,
1175 3753 1232 3804 852.
1264 3749 1437 3804 Mommseniz
1455 3749 1539 3806 Rdm.

291 3841 498 3908 Staotsr.Il,1,
520 3845 576 3895 114.
645 3844 671 3905 4)
694 3839 751 3895 ΡοΙ.
770 3839 870 3906 XXIV,
891 3845 912 3895 1.
948 3835 1074 3908 XXXIII,
1095 3847 1116 3896 1.
1151 3842 1263 3908 XXXV,
1282 3847 1306 3896 I.
1340 3842 1398 3896 Liv.
1417 3841 1492 3908 VIII,
1515 3849 1538 3898 1.

291 3933 325 4000 X,
344 3939 385 3988 45.
407 3933 519 4002 XXVII,
539 3939 579 3988 50.
602 3931 690 3994 XXX,
705 3937 743 3988 17.
763 3939 804 3988 22.
826 3934 952 4000 XXXIV,
969 3941 1010 3989 51.
1034 3933 1173 4001 XXXVII,
1190 3940 1231 3990 53.
1255 3933 1314 4000 XL,
1332 3940 1355 3989 4.
1374 3940 1415 3990 34.
1434 3935 1538 4005 XLIII,

291 4032 357 4082 18.
384 4026 481 4090 XLIV,
503 4032 541 4082 16.
576 4027 660 4094 XLV,
680 4032 719 4082 l3.
738 4032 780 4082 44.
813 4028 884 4098 App.
902 4028 1022 4083 Mithrid.
1042 4033 1065 4082 6.
1100 4028 1205 4082 IosA.
1224 4028 1341 4096 LXIII,
1360 4033 1384 4095 9,
1403 4033 1427 4084 2.
1460 4027 1538 4094 XIV,

292 4127 315 4176 8.
326 4128 350 4176 5.
370 4120 463 4176 Sctum
481 4119 514 4174 de
527 4120 668 4176 Thisbaeis
687 4121 732 4175 liu.
751 4121 798 4174 III.
817 4121 864 4176 IX.
883 4139 907 4176 v.
917 4122 1043 4176 Beckeri:
1060 4121 1168 4176 Handb.
1188 4121 1223 4189 Π,
1242 4124 1265 4186 2,
1277 4125 1333 4176 181.
1344 4126 1401 4175 403.
1419 4121 1539 4177 Momm-

291 4215 361 4270 seni:
380 4213 457 4269 Rom.
476 4213 589 4268 Staatsr.
606 4214 641 4280 II,
660 4221 682 4279 1,
700 4218 757 4268 212.
845 4218 870 4280 5)
887 4215 944 4269 Liu
963 4214 1045 4280 XLV,
1067 4219 1104 4268 11.
1123 4232 1146 4270 v.
1165 4214 1223 4268 Lis.
1240 4213 1323 4279 XLV,
1343 4220 1383 4270 20.
1467 4219 1492 4280 6)
1513 4235 1539 4272 v.

291 4307 398 4377 Langii:
422 4306 454 4360 R.
473 4305 509 4361 A.
528 4306 576 4368 11²,
599 4310 657 4359 559.
692 4306 865 4363 Mommseni:
889 4308 1216 4375 Rdm.Forsch.I,163.
1304 4312 1329 4376 1)
1347 4307 1498 4364 Weiskium
1522 4325 1539 4366 e

291 4399 348 4454 Liv.
367 4398 493 4454 XXXIX.
515 4404 546 4455 33
566 4399 782 4467 concludentem,
799 4406 938 4458 senatores
957 4416 1062 4470 quoque
1079 4401 1181 4470 legatos
1198 4401 1388 4466 introduxIsse,
1406 4403 1465 4458 ideo
1483 4420 1539 4462 nos

291 4492 367 4560 sequi
391 4509 445 4548 non
467 4508 623 4563 possumus,
647 4493 718 4562 quod
740 4495 785 4549 ille
802 4494 878 4550 locus
897 4501 1040 4564 corruptus
1058 4500 1106 4550 est.
1134 4502 1168 4560 (v.
1186 4496 1400 4552 Weissenbornii
1417 4496 1478 4552 adn.
1499 4497 1541 4553 ad

224 4602 227 4608 ’
290 4584 307 4638 l.
325 4601 347 4639 s.
365 4593 404 4651 sl.
