3424 5296
702 278 912 340 ..13-

184 447 286 512 vietus
313 445 443 528 gratuiti
472 445 646 512 obtinuisse
674 465 798 512 munus.
842 443 880 510 Id
902 450 1008 510 autern
1032 445 1145 512 eadem
1168 445 1292 512 ratione
1312 444 1429 512 laetum

184 575 273 640 esse,
302 556 427 639 quain
455 556 542 622 oenis
570 555 706 640 publiois
733 570 846 622 mensa
874 561 906 620 el
933 574 1018 638 pane
1040 561 1072 620 et
1093 555 1168 620 vino
1190 556 1347 639 appositIs
1368 557 1431 622 sin-

184 665 268 749 gulis
295 665 440 733 eonvivis
467 667 611 750 sportula
633 664 762 732 daretur
784 672 816 731 et
837 665 991 748 paenula,
1020 673 1069 744 ut,
1100 686 1183 750 quae
1204 665 1247 732 ad
1269 665 1430 734 edendum

184 777 366 842 necessaria
386 775 581 858 viderentur,
603 774 722 859 singuli
744 781 895 842 emerent.
918 811 960 824 -
983 776 1063 842 Huie
1084 796 1160 842 vero
1182 777 1325 860 opinioni
1341 798 1432 863 prae·

184 887 276 970 nipue
299 886 361 951 duo
384 893 573 969 argumenta
595 887 723 953 obstare
743 884 903 952 videntur.
946 885 1086 951 Pn'mum
1108 887 1193 952 enim
1215 888 1243 952 si
1264 908 1321 971 pro
1343 889 1431 954 viotu

183 996 322 1078 gratuite
344 1015 459 1062 munus
480 1001 566 1062 esset
587 995 706 1080 datum,
729 996 771 1062 de
792 995 882 1061 nullo
904 995 968 1062 alio
990 995 1052 1062 nisi
1074 995 1115 1062 de
1129 1015 1260 1063 munere
1274 999 1431 1081 pecuniae

184 1105 316 1188 eogitari
338 1111 462 1190 possot3
485 1105 543 1172 sed
565 1125 727 1190 nunqnam
748 1107 815 1172 tale
830 1126 945 1172 munus
960 1106 1138 1190 praebitum
1154 1125 1235 1189 esse,
1257 1113 1343 1174 reete
1358 1127 1432 1173 oon·

184 1215 270 1281 oedit
291 1216 516 1283 Mommsenus.
560 1216 696 1298 Deinde,
718 1218 746 1283 si
768 1217 931 1300 singulare
954 1215 1115 1282 deeretum
1137 1218 1254 1282 laetum
1278 1225 1346 1282 erat
1367 1237 1433 1299 orn<

184 1337 258 1392 nein
287 1333 447 1409 sumptum
476 1326 654 1410 hospitibus
686 1327 839 1410 parandi,
873 1327 1101 1393 ellommseni
1130 1327 1290 1392 sententia
1318 1347 1431 1392 munus

185 1435 395 1502 omIttendum
416 1435 536 1516 luisset,
558 1436 644 1518 quod
665 1443 772 1504 tamen
795 1457 958 1520 nunquam
981 1436 1137 1514 aeoidit¹t

271 1545 336 1611 Sed
363 1546 392 1612 si
419 1563 571 1614 memores
601 1545 718 1614 erimus
744 1552 776 1613 et
803 1565 923 1613 morem
952 1553 1110 1613 vetustum
1136 1565 1208 1612 esse
1230 1546 1263 1611 in
1285 1547 1432 1632 hospitiis

184 1655 238 1721 vel
259 1655 431 1738 iungendis
460 1656 513 1721 vel
540 1656 736 1723 renovandis
756 1677 890 1724 munera
912 1656 982 1722 dari
1004 1665 1036 1722 et
1058 1656 1143 1722 dona
1163 1657 1205 1721 ab
1228 1656 1366 1722 bostium
1388 1659 1433 1726 le·

185 1767 269 1848 gatis
296 1766 397 1830 allatu
424 1785 522 1850 saepe
549 1767 698 1850 aooipi’),
728 1788 767 1830 ne
787 1769 828 1830 iio
844 1769 936 1851 poesis
957 1777 989 1829 et
1010 1767 1165 1830 amicitiae
1185 1786 1257 1849 epea
1278 1769 1433 1851 coaptatur

186 1882 219 1941 et
240 1875 287 1958 iis,
310 1875 363 1957 qui
387 1875 471 1941 bello
493 1881 585 1959 gesto
607 1875 650 1942 ad
672 1897 784 1960 paoem
806 1876 986 1943 Iaeiendam
1001 1876 1144 1957 veniunt,
1167 1876 1271 1940 looum
1287 1885 1320 1943 et
1333 1877 1434 1944 lautia

185 1983 342 2070 praeberi,
364 2004 527 2068 nunquam
548 2006 681 2052 munera
703 1985 818 2068 dari³l,
841 1985 1014 2052 verlaimile
1036 2005 1106 2052 esse
1128 1985 1296 2068 videbitur,
1320 2007 1434 2054 munus

185 2087 283 2162 luisse
310 2095 435 2178 signum
464 2096 623 2164 amioiIIae
644 2105 740 2179 atque
762 2097 807 2162 ita
828 2095 922 2162 offieii
944 2115 1058 2162 oaussa
1080 2095 1122 2160 ad
1144 2097 1330 2162 memoriam
1353 2117 1435 2164 sem·

184 2207 342 2290 piternam
364 2205 398 2270 in
422 2205 567 2289 hospitiis
589 2207 743 2274 iaciendis
765 2226 837 2274 ease
859 2206 968 2272 datum
976 2207 1010 2282 ⁴).

270 2317 385 2382 Munus
412 2323 519 2382 autem
547 2337 612 2383 non
634 2317 790 2402 paeoniae
810 2317 924 2397 luisse,
952 2315 1010 2381 sed
1032 2335 1052 2380 a
1075 2323 1243 2398 quaestore
1264 2315 1341 2383 data
1363 2337 1434 2386 esse

185 2446 266 2492 vasa
293 2433 463 2510 argentea,
492 2433 621 2509 torques
649 2447 689 2494 ex
717 2447 795 2493 auro
822 2429 923 2494 laotos
945 2426 1057 2510 eliab,
1087 2427 1147 2492 etsi
1169 2446 1187 2493 e
1209 2427 1292 2492 Livii
1314 2428 1432 2495 talibus

186 2537 293 2602 verbis
321 2537 429 2618 qualia
458 2542 570 2604 extant
598 2538 695 2603 haee:
722 2531 875 2603 ‘muneris
905 2536 975 2602 dari
1003 2557 1046 2604 ne
1074 2537 1179 2602 minus
1215 2535 1300 2603 dena
1331 2538 1434 2605 millia

185 2646 271 2712 aeris
286 2646 454 2729 (XXVIII,
470 2649 534 2728 39),
551 2645 637 2714 dona
651 2666 694 2714 ne
708 2647 813 2714 miuus
828 2647 958 2730 quinum
974 2647 1110 2713 millium
1125 2646 1246 2728 (XXX,
1266 2645 1330 2726 17)'
1354 2649 1434 2714 nibil

185 2757 264 2824 terti
286 2757 475 2824 oonoludere
496 2778 679 2843 possumus,
709 2764 741 2824 et
769 2778 809 2824 ex
830 2757 870 2824 iis
891 2757 970 2824 loeis
992 2777 1070 2840 quos
1092 2757 1184 2823 affert
1206 2757 1431 2839 Mommsenns,

185 2874 218 2933 et
235 2867 350 2932 eLivii
371 2869 560 2936 testimoniis
581 2869 646 2935 bis:
665 2865 813 2936 ‘munera
834 2887 875 2936 ex
896 2875 1026 2936 senatus
1048 2869 1192 2934 oonsulto
1207 2888 1310 2931 emere
1324 2869 1434 2950 regulo

185 2984 336 3060 quaestor
354 2979 458 3046 iussus
473 2979 585 3062 (XLV,
604 2983 665 3062 14),
687 2997 822 3045 munera
835 2969 897 3044 sibi
911 2977 973 3062 ipsi
989 2979 1051 3040 emi
1063 2997 1127 3042 non
1143 2979 1223 3044 sisse
1236 2977 1347 3060 (XLV,
1365 2970 1432 3057 44)'

184 3088 364 3155 luculenter
383 3094 527 3174 apparet.

271 3224 314 3288 ΙΙ.
340 3229 368 3290 1.
388 3223 442 3287 De
463 3225 533 3287 iure
554 3223 708 3308 hospitum
726 3223 925 3308 publicorum
949 3224 979 3285 t'n
1005 3221 1160 3307 Capitolio
1181 3244 1275 3286 soma
1289 3221 1438 3307 sumendi

185 3343 219 3396 et
240 3333 372 3395 donario
394 3332 558 3417 offerendi.

273 3443 351 3507 (ium
373 3442 460 3528 apud
482 3443 608 3509 Livium
629 3445 728 3528 legati
749 3465 770 3510 a
791 3444 886 3510 soniis
908 3443 1036 3527 populis
1058 3444 1192 3508 Romam
1215 3441 1304 3509 misai
1326 3443 1436 3526 plerIs-

185 3573 250 3636 que
277 3553 354 3618 loeis
382 3553 530 3619 dieantur
556 3562 680 3638 petere,
714 3563 750 3620 ut
777 3554 839 3621 sibi
867 3551 1054 3620 saorifioium
1082 3553 1116 3617 in
1145 3552 1302 3637 Capitolio
1331 3554 1435 3621 faeere

184 3663 295 3746 ibique
317 3661 436 3728 donum
458 3683 578 3746 ponere
599 3665 702 3746 lineat,
725 3664 888 3742 Reinius⁸l
910 3659 1103 3730 contendere
1120 3683 1185 3728 non
1202 3663 1335 3743 dubitat,
1359 3664 1436 3728 ami-

186 3774 234 3840 ois
256 3772 291 3838 P.
312 3773 350 3838 R.
380 3793 565 3839 eoncessum
594 3795 659 3839 non
686 3774 784 3840 luisse
805 3774 855 3839 ius
876 3773 910 3838 in
933 3773 1092 3856 Capitolio
1114 3772 1323 3839 saorifioandi.
1369 3772 1433 3839 Sed

185 3903 260 3950 enm
280 3883 315 3948 in
330 3883 404 3950 Soto
427 3884 468 3949 de
485 3884 682 3958 Thisbaeis⁹t
705 3904 752 3950 vs.
769 3888 809 3950 32
832 3884 913 3950 haee
934 3885 1053 3966 seripta
1075 3883 1153 3948 sint:
1177 3877 1335 3958 ὡσαύτως
1357 3882 1435 3965 περὶ

259 4098 283 4158 q
301 4093 359 4148 nn.
377 4092 464 4156 xnn,
482 4098 506 4147 o.
523 4091 620 4156 nutv,
633 4098 671 4147 n.
684 4055 726 4147 ln.
796 4096 822 4158 2)
839 4092 892 4147 nn>
911 4091 940 4146 o.
958 4090 1299 4146 rr.ra.-nrnr.xxxv11.
1318 4095 1342 4144 r.
1364 4091 1435 4146 rue

187 4187 387 4242 Lueull.XX1.
477 4190 502 4252 3)
519 4185 577 4240 LIv.
596 4184 683 4251 XXX,
702 4189 743 4240 Il.
769 4185 897 4249 XXXIII,
916 4189 956 4239 24.
1049 4189 1074 4250 4)
1097 4185 1164 4238 Item
1188 4184 1229 4238 his
1254 4184 1357 4239 caussis
1380 4199 1435 4238 uon

186 4280 314 4335 omnibus
335 4279 425 4333 allatIs
446 4279 500 4334 iam
520 4279 597 4350 prius
613 4278 741 4334 indicavit
763 4277 923 4334 Rudorlfius
945 4277 974 4331 iu
994 4276 1050 4332 ind.
1073 4277 1136 4332 leot.
1153 4275 1240 4330 Borol.
1259 4276 1337 4331 hiem.
1358 4281 1432 4331 1848.

188 4377 215 4438 5)
241 4389 265 4427 r.
282 4371 454 4428 Mommseni:
471 4371 549 4428 Rom.
566 4372 679 4427 Forsoh.
696 4375 716 4426 t.
734 4372 756 4439 I,
773 4390 801 4442 p.
820 4377 868 4427 345
886 4370 948 4426 adn.
961 4375 1003 4425 39.
1020 4371 1078 4424 Liv.
1105 4368 1216 4433 XXXV,
1235 4373 1276 4422 23.
1294 4368 1395 4433 XLIII,
1411 4377 1435 4424 5.

188 4471 216 4531 dl
243 4465 319 4520 Rbrn.
338 4465 451 4520 Forsoh.
468 4471 488 4520 t
506 4465 532 4533 I,
555 4482 581 4534 p.
600 4470 649 4520 345
668 4465 731 4520 adn.
750 4471 791 4522 39.
894 4471 919 4530 It
946 4464 1005 4518 Liv.
1023 4463 1153 4528 XXVIII,
1171 4465 1212 4514 39.
1244 4459 1374 4526 XXXVI,
1393 4468 1434 4517 35,

185 4558 290 4624 XLIII,
308 4565 332 4612 6.
354 4558 451 4620 XLIV,
472 4562 510 4612 ll.
535 4558 617 4622 XLV,
638 4562 676 4613 13.
694 4563 736 4616 ll.
814 4563 839 4624 8)
857 4558 890 4612 In
907 4558 1015 4630 Paulyiz
1033 4554 1205 4624 Realencyel.
1224 4560 1243 4608 t.
1262 4554 1294 4622 V,
1313 4571 1339 4624 p.
1361 4559 1433 4610 1332.

188 4657 215 4718 9)
233 4652 346 4722 Ephem.
366 4651 447 4721 epigr.
466 4651 488 4717 1,
505 4668 530 4720 p.
550 4655 690 4706 nte-²98.
