3424 5296
695 318 906 380 ,37-

171 485 342 569 telligitur,
373 503 478 568 neque
506 504 597 552 suum
629 504 746 552 nomeu
773 503 878 566 neque
906 482 1056 550 comitum
1084 483 1216 556 nomina
1237 483 1271 550 in
1293 484 1424 550 Saturni

172 597 303 664 aerario
330 595 484 665 detulisse
510 596 553 664 ad
582 595 818 679 magistratum,
846 593 905 662 sed
933 612 1050 676 magno
1072 593 1223 660 comitatu
1245 596 1357 662 urbem
1378 596 1425 661 in-

173 726 303 791 gressus
324 705 367 771 ad
389 705 490 770 lorum
512 705 717 788 tribunalque
739 703 852 774 summi
871 703 1078 786 magistratus
1092 723 1150 770 rex
1164 704 1316 772 veniebat
1330 706 1423 789 eique

173 815 355 898 nuntiabat,
379 815 448 897 quis
471 821 557 880 essct
578 833 704 898 quaque
726 813 767 880 de
788 832 823 878 re
846 819 992 880 senatum
1014 813 1105 881 adire
1126 816 1233 881 vellet.
1264 818 1346 880 Turn
1368 815 1426 882 ille

175 927 215 1008 ei,
239 925 267 992 si
286 925 397 1007 vellet,
421 945 459 991 eo
482 925 536 994 die
557 932 703 992 senatum
726 943 760 992 se
783 943 854 991 esse
874 923 1030 1007 daturum,
1052 925 1176 991 urbane
1191 931 1224 991 et
1238 925 1427 1006 liberaliter,

174 1044 210 1102 ut
232 1036 313 1102 solet
334 1033 402 1102 fieri
423 1035 457 1102 in
478 1053 570 1119 reges
593 1035 705 1117 socios,
727 1035 942 1118 promittebat.

596 1270 631 1338 (l.
657 1269 839 1337 Hostium
862 1269 1003 1355 legati.

261 1423 408 1488 Hostium
430 1422 544 1506 legati,
575 1442 646 1489 cum
667 1423 701 1488 in
724 1423 834 1490 urbem
856 1423 1242 1507 non'intromitterentur,
1271 1423 1338 1491 fieri
1360 1446 1425 1490 non

173 1533 289 1618 potuit,
312 1539 347 1597 ut
367 1532 402 1597 in
417 1533 546 1598 Saturni
560 1531 684 1598 aerario
706 1532 749 1597 ad
771 1539 973 1616 quaestorem
994 1532 1126 1598 nomina
1149 1532 1323 1617 deferrent3
1346 1541 1429 1600 atta·-

174 1663 250 1709 men
272 1643 386 1708 mirum
401 1648 458 1724 est,
482 1642 567 1724 quod
582 1641 708 1708 senatui
724 1659 851 1725 semper
865 1649 975 1707 notum
990 1649 1048 1726 est,
1070 1643 1195 1726 legatos
1210 1643 1349 1709 hostium
1364 1646 1426 1711 Ro-

173 1772 249 1819 mae
278 1753 501 1836 propinquare.
546 1753 584 1816 ln
613 1751 684 1834 ipso
712 1770 789 1816 vero
818 1753 904 1818 bello
934 1773 1004 1820 cum
1033 1753 1142 1818 hostes
1170 1754 1246 1818 victi
1274 1753 1316 1819 de
1337 1753 1428 1838 pacis

174 1863 417 1929 condicionibus
429 1867 563 1945 agentes
578 1861 621 1928 ad
635 1861 859 1945 imperatorem
869 1863 1085 1928 Romanorum
1101 1862 1341 1930 caduceatorem
1356 1864 1430 1928 mit-

172 1979 246 2038 tant
254 1975 286 2052 ¹),
301 1973 417 2055 aliquis
428 1971 619 2038 concludere
630 1970 777 2055 potuerit,
793 1972 869 2037 item
881 1972 923 2038 ad
935 1980 1081 2038 senatum
1091 1974 1174 2038 mitti
1185 1972 1426 2039 caduceatorem

174 2084 387 2166 nuntiantem,
410 2083 548 2148 hostiurn
571 2082 695 2164 legatos
716 2081 758 2146 ad
780 2082 890 2148 urbem
905 2081 1036 2167 propius
1051 2081 1213 2163 accedere,
1236 2081 1425 2166 praesertim

175 2212 249 2258 cum
264 2191 405 2275 accedat,
422 2191 508 2274 qu‘od
523 2190 610 2274 apud
625 2192 764 2258 Graecos
771 2194 793 2268 2)
809 2193 855 2258 ita
869 2192 938 2258 fieri
953 2192 1043 2258 solet.
1078 2193 1127 2258 Ila
1141 2197 1249 2257 tamen
1264 2191 1426 2257 sententia

174 2321 247 2368 cum
269 2320 311 2367 ne
332 2302 399 2366 ullo
421 2301 550 2384 quidem
572 2302 753 2368 testimonio
769 2301 979 2384 confirmetur,
1001 2301 1287 2368 verisimilitudinis
1301 2301 1427 2385 specics

174 2431 306 2497 prorsus
322 2412 524 2495 obscuratum
540 2411 658 2478 deinde
673 2411 701 2478 si
716 2431 751 2477 re
766 2429 844 2478 vera
856 2412 955 2495 legati
967 2413 1182 2477 Romanorum
1197 2410 1285 2496 apud
1296 2409 1429 2476 Cannas

174 2527 339 2604 captorum
346 2521 369 2598 ³)
384 2527 440 2586 ant
454 2521 656 2603 Iugurthae⁴l
672 2520 716 2587 ad
728 2527 872 2588 senatum
886 2529 983 2588 antea
998 2521 1239 2588 caduceatorem
1253 2521 1425 2602 misissent,

165 2636 284 2716 patres
312 2631 382 2696 sine
409 2631 505 2696 dubio
529 2630 558 2696 ei
581 2631 837 2716 respondissent,
867 2650 949 2713 quae
978 2631 1019 2698 (16
1049 2631 1211 2714 legatione
1238 2629 1427 2714 accipienda

174 2741 332 2808 sentirent
354 2759 459 2823 noque
480 2741 624 2826 lictorem
645 2741 684 2807 iis
706 2740 834 2806 obviam
856 2741 1025 2806 misissent.

261 2851 376 2934 Itaque
403 2871 534 2934 prorsus
562 2851 656 2916 aliter
677 2850 739 2916 hac
762 2850 802 2915 de
823 2869 859 2916 re
881 2851 1044 2916 sentimus.
1089 2851 1317 2933 Imperatorem
1340 2848 1426 2916 enim

174 2963 366 3044 Romanum,
390 2981 461 3028 cum
482 2959 646 3050 constetll,
669 2980 740 3026 cum
762 2960 878 3042 legatis
900 2959 941 3026 de
963 2979 1043 3044 pace
1064 2959 1235 3042 agentibus
1257 2979 1322 3024 non
1337 2959 1424 3024 illico

175 3091 289 3156 pacem
312 3071 370 3138 sed
392 3069 613 3137 tantummodo
633 3069 779 3135 inducias
800 3069 906 3135 facere
927 3089 1038 3154 posse,
1067 3089 1125 3153 per
1147 3069 1233 3151 quod
1254 3074 1381 3152 tempus
1402 3069 1426 3133 ii

174 3180 220 3247 ad
249 3167 395 3248 senatum
423 3181 547 3264 legatos
574 3177 718 3259 mittant,
749 3179 826 3261 quid
855 3180 969 3244 mirum
992 3185 1055 3262 est,
1086 3179 1171 3264 quod
1193 3185 1290 3246 antea
1311 3179 1429 3246 litteris·

174 3291 379 3374 imperatoris
406 3297 538 3357 senatus
567 3289 681 3355 certior
704 3287 755 3372 fit,
786 3291 840 3372 qui
861 3291 960 3372 legati
983 3290 1149 3372 atquibus
1171 3309 1242 3354 cum
1263 3289 1429 3355 mandatis

175 3399 219 3466 (16
240 3419 321 3483 pace
337 3400 472 3464 Romam
494 3397 651 3464 veniant?
674 3399 755 3470 (Liv.
771 3398 932 3482 XXXIII,
948 3399 1015 3484 24).
1037 3433 1079 3450 ν-
1100 3401 1151 3464 De
1173 3417 1253 3484 pace
1274 3418 1351 3464 vero
1373 3419 1428 3465 re·

174 3509 302 3577 6166166
331 3508 430 3592 legati
459 3507 487 3574 si
508 3529 574 3574 una
595 3529 666 3574 curn
688 3509 841 3575 Romanis
863 3509 979 3594 legatis
1001 3507 1149 3592 veniunt,
1180 3508 1305 3575 senatui
1327 3515 1426 3575 antea

175 3619 345 3686 derorum
368 3617 557 3684 condicione
579 3619 620 3684 ab
643 3618 682 3684 116
705 3619 884 3703 expositum
908 3638 996 3702 esse,
1018 3639 1077 3703 per
1099 3639 1134 3685 se
1155 3621 1283 3703 patet⁶l
1328 3620 1426 3684 Deni-

174 3749 238 3814 que
260 3731 288 3797 si
308 3729 501 3813 imperatore
522 3730 685 3811 Romano,
709 3749 844 3812 quocum
866 3730 986 3796 bellum
1008 3737 1136 3814 gerant,
1163 3729 1265 3795 inscio
1287 3729 1426 3796 hostium

171 3841 275 3923 legati
296 3839 337 3906 de
355 3859 436 3924 pace
450 3840 585 3904 Romam
600 3837 850 3923 proficiscuntur,
873 3846 979 3906 tamen
1001 3839 1175 3905 verisimile
1198 3844 1256 3920 est,
1279 3840 1425 3906 nuntium

171 3957 273 4017 antea
294 3951 428 4015 Romam
451 3949 567 4032 afferri,
590 3967 645 4015 eos
666 3949 737 4014 urbi
758 3948 1025 4033 appropinquare.

247 4213 272 4276 t)
288 4209 346 4266 Lir.
366 4208 505 4276 XXXVII,
523 4213 565 4262 45.
653 4209 679 4276 2)
697 4207 820 4278 Thucyd.
837 4208 859 4270 Ι,
877 4211 918 4262 53.
943 4206 1003 4262 Pol.
1019 4207 1065 4275 IV,
1084 4213 1125 4264 12.
1148 4208 1275 4264 Eusteth.
1293 4209 1328 4262 ad
1345 4208 1423 4262 Iliad.

171 4303 199 4370 1,
223 4318 250 4371 p.
269 4305 310 4356 83.
344 4301 486 4356 Demosth.
504 4299 538 4354 de
561 4299 622 4356 fals.
644 4300 694 4370 leg.
718 4317 744 4370 p.
764 4305 821 4368 392,
842 4307 882 4355 15.
917 4317 941 4356 v.
959 4293 1150 4356 Waehsmuthi¹
1172 4301 1215 4356 ius
1236 4307 1307 4370 gent.
1326 4300 1423 4356 Graec.

170 4400 263 4466 pcc.
350 4399 377 4461 6)
399 4391 623 4462 maxumas.
693 4398 718 4458 r)
741 4393 940 4462 Santonas.
1017 4398 1043 4459 5)
1066 4393 1217 4460 utrm,
1237 4399 1259 4448 1.
1287 4392 1423 4461 X,5.3r.

171 4487 263 4556 XXX,
283 4493 315 4544 lt
334 4503 374 4558 sq.
400 4484 515 4554 XXXII,
537 4492 578 4544 36.
609 4484 736 4540 XXXIII.
760 4491 802 4542 24.
833 4484 959 4550 XXXVI,
977 4490 1018 4541 tt.
1036 4491 1077 4542 28.
1096 4491 1137 4542 35.
1162 4485 1303 4554 XXXVII,
1320 4492 1360 4542 45.
1379 4491 1422 4542 52.

170 4581 328 4650 xxxam,
346 4585 372 4635 s.
396 4579 455 4641 nu,
474 4582 516 4632 or.
539 4577 626 4647 xnrr,
644 4585 684 4635 (6.
710 4597 735 4634 v.
752 4579 862 4648 naum:
880 4580 914 4634 a.
925 4579 959 4632 a.
976 4580 1024 4643 11¹,
1041 4585 1092 4634 roa
1105 4595 1144 4649 sq.
1214 4585 1240 4645 et
1258 4579 1315 4636 mv.
1334 4580 1420 4648 xxx,

172 4681 217 4730 ar.
244 4673 359 4737 xxxn,
376 4676 418 4726 66.
444 4670 572 4738 xxm,
590 4677 631 4727 rr.
658 4672 796 4738 XXXVII,
814 4677 856 4728 ro.
874 4678 915 4728 aa.
939 4672 1091 4740 xxxvm,
1112 4678 1151 4726 ro.
