3424 5296
240 1663 343 1729 Natus
365 1683 435 1730 sum
455 1663 595 1728 Ioannes
616 1660 772 1728 Rudolius
794 1660 983 1728 Theodorus
1006 1660 1291 1728 Buettne1·-Wobst
1319 1681 1349 1727 a.
1373 1660 1404 1726 d.

155 1781 214 1846 IX.
231 1780 298 1847 Oai.
316 1782 409 1849 Febr.
431 1781 509 1847 anni
531 1781 562 1846 h.
585 1801 611 1847 s.
633 1781 707 1846 LIV
728 1787 818 1864 patre
838 1779 961 1862 Oarolo,
985 1803 1079 1866 quem
1102 1789 1178 1849 ante
1200 1781 1280 1847 duos
1302 1799 1405 1848 annos

154 1907 312 1966 mortuum
335 1920 406 1968 esse
427 1900 524 1967 valde
547 1898 650 1980 doleo,
672 1906 774 1966 matre
789 1900 908 1966 Albina
929 1919 948 1966 e
970 1908 1067 1986 gente
1078 1901 1277 1967 Wobstiana.
1314 1899 1405 1966 Fidei

154 2040 226 2085 sum
247 2019 395 2086 addictus
417 2019 633 2102 evangelicae.
667 2019 761 2084 Anno
774 2010 814 2084 'h.
837 2039 863 2085 s.
886 2019 1009 2085 LXVII
1030 2021 1064 2085 in
1085 2023 1288 2105 gymnasium
1311 2021 1407 2086 Dres-

155 2139 258 2205 dense
273 2139 359 2222 quod
374 2137 481 2204 estad
496 2137 611 2204 aedem
627 2137 765 2203 Sanctae
782 2135 890 2204 Orneis
906 2145 1054 2224 receptus
1072 2159 1153 2221 sum,
1175 2139 1263 2205 euius
1279 2139 1407 2206 scholas

154 2277 214 2341 per
236 2258 264 2322 V
286 2279 390 2325 annos
412 2256 611 2341 frequentavi
632 2256 745 2323 Kleeio
768 2263 800 2323 et
823 2256 940 2324 deinde
954 2257 1121 2325 Hnltsehio
1143 2266 1275 2326 reetore.
1312 2259 1406 2324 Anno

153 2377 283 2442 LXXII
315 2376 507 2443 maturitatis
539 2375 721 2442 testimonio
758 2383 889 2461 accepto
923 2377 1066 2462 Lipsiam
1098 2385 1151 2444 me
1183 2377 1318 2460 eontuli,
1351 2378 1407 2444 ubi

155 2496 276 2561 seholis
302 2495 431 2563 interfui
453 2494 617 2578 Ahrensii‚
648 2495 877 2578 Broekhausii‚
908 2495 1026 2578 Curtii,
1057 2495 1251 2579 Eeksteinii,
1282 2497 1406 2580 Langii‚

154 2613 360 2696 Overbeekii,
375 2613 551 2697 Ritsehelii,
567 2613 795 2699 Struempellii,
809 2615 937 2698 Voigtii,
953 2615 1114 2681 Zarnekii.
1147 2616 1209 2682 Per
1223 2616 1286 2682 duo
1301 2617 1407 2701 spatia

155 2732 324 2799 semestris
351 2751 431 2800 sem.
453 2733 565 2816 philol.
588 2752 654 2818 reg.
676 2732 797 2800 sodalis
825 2734 1020 2816 ordinarint,
1049 2755 1108 2818 per
1134 2755 1231 2800 unum
1254 2743 1407 2802 semestre

155 2852 265 2918 senior
278 2851 333 2918 iui.
364 2852 619 2918 Exercitationes
634 2872 709 2919 vero
725 2853 886 2920 societatis
901 2853 1090 2938 Langianae
1111 2853 1217 2920 adhue
1232 2855 1406 2937 frequento.

155 2969 280 3050 Quibus
302 2971 449 3038 omnibus
469 2971 547 3037 viris
568 2970 725 3054 imprimis
746 2972 887 3057 Langia,
910 2991 1002 3056 quem
1029 2971 1069 3037 de
1090 2992 1142 3038 me
1163 2992 1286 3039 summo
1309 2992 1407 3057 opere

155 3087 305 3156 meritum
319 3108 390 3156 esse
405 3108 532 3175 semper
546 3109 600 3156 ero
615 3110 745 3174 memor,
767 3090 889 3176 gratias
909 3111 971 3176 ago
993 3111 1088 3175 quam
1110 3092 1267 3160 maximas
1288 3111 1406 3177 eosque

155 3207 267 3274 animo
288 3209 342 3291 pio
364 3227 490 3292 semper
511 3209 624 3276 uolam.
