3424 5296
785 293 997 357 ,66-

355 459 435 528 cum
449 468 555 527 autem
570 460 641 527 Liv.
652 460 722 544 VII,
739 466 780 528 20
796 471 912 540 narret,
930 483 1043 547 pacem
1058 463 1177 548 populo
1194 464 1312 530 Caeriti
1334 483 1365 530 a.
1381 469 1524 543 4541350

270 591 346 640 5555
374 573 483 638 datam
511 570 718 654 indutiasque
745 573 780 637 iu
808 583 935 638 centum
962 595 1067 642 annos
1094 578 1196 642 Iactus
1225 576 1259 640 in
1282 585 1383 642 sctum
1399 575 1524 640 ‚referri

233 743 237 748 ,
270 681 441 768 placuisse,
463 683 658 749 contendere
678 704 743 748 uon
765 684 965 766 dubitamus,
988 685 1085 750 etiam
1106 683 1218 767 leporis
1239 686 1376 749 5111111115
1397 685 1526 749 Romae

270 793 533 882 irnpetruatibmb
554 802 656 860 sctum
679 796 829 879 scriptum
852 795 931 862 dari.

355 909 386 973 b.
408 905 531 970 Romae
552 913 789 968 caremtenam
811 903 1062 992 drhoeptautr'bss.

357 1041 387 1081 α.
411 1017 450 1080 de
468 1015 583 1100 finibus
604 1016 799 1102 aliorumque
821 1037 971 1110 aprorum
988 1021 1195 1104 possessione.

272 1181 275 1188 .
355 1129 430 1195 Non
452 1129 556 1195 solum
577 1126 663 1210 quod
681 1135 782 1194 sctum
798 1136 954 1212 superest,
976 1149 1039 1211 quo
1054 1130 1172 1197 Samiis
1187 1137 1219 1196 et
1233 1129 1463 1198 Prienensibus
1479 1129 1526 1196 de

273 1240 390 1307 finibus
407 1239 609 1322 litigantibus
615 1239 638 1314 ’)
661 1245 793 1306 senatus
807 1239 991 1323 respondet,
1014 1239 1184 1306 sedetiam
1200 1241 1285 1324 quod
1300 1241 1397 1308 Sicul.
1412 1242 1523 1307 Ilaec.

270 1371 303 1437 p.
327 1356 387 1418 154
408 1353 479 1434 sq.²)
501 1349 653 1431 affirmat,
683 1348 724 1415 de
745 1369 892 1432 agrorum
915 1349 1074 1416 divisione
1095 1358 1128 1415 ct
1149 1351 1371 1434 assignatione
1393 1351 1528 1417 decreta

271 1470 343 1529 rata
357 1483 423 1529 nou
438 1482 521 1545 esse,
543 1462 608 1528 uisi
622 1461 684 1526 rite
696 1461 731 1524 in
745 1479 820 1526 aere
834 1460 999 1544 iuscripta,
1021 1460 1055 1526 iu
1077 1461 1260 1527 universum
1278 1462 1423 1528 15515515
1437 1462 1526 1540 licet,

271 1573 388 1658 legatis
409 1573 451 1639 de
472 1573 559 1656 agris
580 1572 665 1637 inter
685 1591 722 1638 se
747 1571 1003 1655 disceptantibus
1028 1573 1183 1655 semper⁴)
1204 1571 1277 1638 dar'i
1298 1574 1420 1658 scripta
1441 1578 1525 1640 scta.

357 1689 388 1767 β.
417 1683 456 1746 de
478 1683 549 1745 51115
570 1681 663 1744 rebar
683 1680 868 1744 domatimb.

357 1796 408 1860 Ita
439 1813 510 1859 cum
538 1791 863 1858 Lacedaemoniorum
892 1798 924 1857 et
950 1792 1150 1858 Achaeomm
1183 1795 1281 1877 legati
1312 1793 1397 1859 iuter
1424 1811 1459 1859 ae
1490 1814 1524 1858 a„

275 1909 410 1984 5111183
438 1924 543 1969 coram
573 1910 687 1970 senatu
715 1902 932 1986 disceptarent
961 1903 1043 1982 (liu.
1072 1904 1236 1985 XXXIX,
1266 1908 1336 1986 48),
1366 1911 1468 1970 utrum
1498 1905 1524 1969 ii

272 2017 529 2098 restituerentur,
557 2035 636 2096 quos
664 2013 785 2079 Achaei
813 2013 1070 2096 damnavisscnt,
1100 2034 1218 2096 necue,
1247 2015 1356 2098 inique
1384 2035 1427 2079 au
1453 2015 1528 2080 iure

274 2127 474 2210 occidissent,
498 2145 577 2208 quos
598 2129 777 2206 necassent,
800 2130 904 2188 utrum
918 2121 1168 2188 Lacedaemonii
1183 2125 1217 2188 in
1232 2125 1371 2190 Achaico
1387 2125 1526 2190 concilio

274 2243 454 2320 manerent,
484 2255 602 2318 necne,
632 2241 763 2301 senatus
792 2234 904 2300 exules
926 2233 1528 2318 15551511155151555515515555ῐυί11

274 2349 432 2431 scribique
459 2347 604 2431 patribus
631 2346 752 2428 placuit
772 2344 806 2410 id
827 2344 991 2410 decretum
1013 2351 1046 2410 et
1066 2345 1246 2428 consignari
1269 2367 1290 2411 a
1309 2345 1528 2412 Lacedaemo-

274 2459 337 2524 nile
359 2465 392 2525 et
413 2457 562 2524 Achaeis.
613 2455 732 2522 Iisdem
761 2475 838 2521 vero
861 2454 1126 2521 Lacedaemoniis
1157 2456 1304 2522 exulibus
1333 2477 1363 2521 a.
1386 2457 1524 2536 5131181

274 2569 355 2648 (Pol.
378 2565 484 2650 XXV,
507 2569 536 2632 2.
559 2569 589 2632 3.
625 2565 696 2631 Liu.
719 2565 795 2648 XL,
818 2567 872 2644 21))
900 2571 1032 2631 senatus
1058 2565 1279 2631 tautummodo
1308 2585 1398 2651 spem
1421 2565 1526 2648 dedit,

275 2699 311 2747 55
332 2679 520 2762 scripturum
543 2695 614 2744 esse
635 2676 773 2742 Achaeis
794 2682 830 2741 ut
851 2676 1132 2753 restituerenturh.
1169 2677 1249 2742 Item
1272 2675 1530 2744 Atheniensibus

276 2798 309 2858 et
322 2789 461 2857 Achaeis
474 2789 597 2854 Romae
618 2786 820 2869 litigantibus
835 2786 876 2853 de
890 2788 993 2854 Deliis
1007 2795 1074 2854 soto
1089 2787 1236 2854 Achaeos
1257 2795 1344 2854 recte
1360 2787 1531 2854 censuisse

274 2901 480 2968 constitutum
503 2901 580 2979 eet')
602 2897 683 2978 (Pol.
704 2897 848 2980 XXXII,
874 2901 935 2979 17).

360 3031 388 3077 5.
410 3010 511 3073 mdcix
532 3031 552 3071 u
568 3009 704 3094 populis,
728 3027 860 3093 quorum
881 3029 933 3071 res
954 3029 974 3071 u
994 3017 1103 3071 renutu
1125 3009 1321 3077 ordr'rrurrtur.

361 3121 438 3188 Sota
464 3118 528 3186 duo
555 3117 590 3184 in
618 3138 775 3185 marmore
800 3119 954 3204 iuscripta
982 3118 1077 3204 (Ilph.
1100 3119 1200 3204 epigr.
1222 3120 1255 3204 I,
1278 3123 1353 3198 278)
1382 3139 1453 3185 cum
1482 3119 1532 3186 de

276 3231 508 3299 Thisbaeorum
529 3229 616 3314 agris
637 3235 670 3296 et
689 3228 927 3312 magistratibus
949 3234 982 3295 et
1003 3227 1045 3295 de
1065 3229 1277 3313 vectigalibus
1302 3229 1439 3314 puhlicis
1466 3229 1532 3295 ad-

276 3339 497 3410 ministrandis
517 3357 611 3424 quam
633 3337 872 3407 accuratissime
893 3337 1080 3422 decernant,
1102 3337 1179 3407 inde
1200 3341 1350 3424 sequitur,
1379 3347 1533 3408 senatum

277 3569 389 3642 Dionys.
408 3568 444 3632 II,
461 3573 502 3622 55.
527 3566 576 3633 ΙΠ,
594 3570 636 3621 53.
668 3565 717 3631 IV,
733 3569 774 3622 26.
801 3565 952 3622 5155515.
971 3570 1013 3622 23.
1040 3567 1110 3637 App.
1127 3568 1187 3638 Syr.
1207 3574 1248 3624 ³9.
1282 3570 1357 3626 Suet.
1368 3569 1482 3637 Vespas.
1502 3571 1532 3622 8.

277 3663 471 3720 Mommseuil
490 3677 513 3716 c.
530 3677 558 3730 p.
577 3664 636 3728 212,
654 3659 732 3714 Rbm.
749 3659 862 3716 Forsch.
880 3665 900 3714 t.
919 3660 940 3728 I,
959 3675 986 3730 p.
1000 3665 1058 3736 335.
1085 3660 1289 3720 Mendelssohui
1304 3663 1323 3717 1.
1333 3678 1357 3718 5.
1370 3675 1398 3732 p.
1409 3665 1465 3714 195.
1484 3659 1534 3716 De

277 3757 389 3814 loedere
403 3758 531 3812 renovato
548 3771 572 3809 r.
591 3753 648 3808 Lis.
665 3753 752 3820 111111,
770 3758 794 3808 6.
814 3752 872 3821 XL,
890 3757 932 3809 58.
949 3753 1048 3816 XLIV.
1063 3758 1102 3810 11.
1118 3755 1176 3810 Ρ51.
1194 3754 1321 3824 xxvln,
1333 3761 1356 3812 1.
1373 3753 1474 3822 XXXI,
1485 3757 1533 3809 14.

351 3854 374 3918 1)
391 3849 449 3904 Iris.
466 3849 488 3912 Ι,
500 3853 538 3903 15.
555 3847 592 3913 11,
609 3851 651 3902 51.
668 3847 702 3914 V,
720 3851 761 3902 32.
778 3846 813 3914 X,
831 3853 855 3902 5.
924 3851 950 3914 2)
969 3847 1131 3914 555111,
1149 3851 1224 3902 2905.
1242 3848 1332 3903 Lebes
1348 3848 1398 3915 ΠΙ,
1408 3850 1533 3902 tet-es

280 3959 309 4014 p.
320 3947 360 3997 11.
430 3943 458 4008 3)
474 3941 598 4010 scriptor
614 3940 660 3996 1115
677 3939 798 4008 quamvis
815 3940 880 3996 solis
898 3939 932 3996 de
949 3943 1143 4011 imperatorum
1159 3940 1343 3996 1155555155
1359 3940 1534 4011 temporibus

280 4035 436 4106 cogitet-
459 4046 529 4103 quae
552 4033 588 4088 ad
609 4038 732 4103 tempusa
753 4033 894 4103 inscriptio
917 4047 1023 4104 quoque
1045 4035 1174 4104 pertinet.
1201 4049 1281 4104 quam
1297 4033 1481 4114 Mommseuus
1497 4033 1534 4090 iu

280 4130 398 4186 Hermae
415 4127 467 4184 vol.
484 4127 520 4193 II,
541 4145 568 4198 p.
589 4132 635 4182 105
653 4132 782 4184 accurate
798 4127 993 4197 explicarit-
1010 4132 1102 4182 155155
1117 4129 1235 4184 15115555
1251 4128 1288 4184 55
1303 4129 1405 4185 liberae
1419 4143 1534 4197 ¹quoque

279 4221 449 4294 reipublicae
464 4225 587 4292 tempora
604 4237 658 4277 uon
682 4222 759 4278 uiuris
783 4221 914 4276 audacter
935 4219 1077 4276 referimus
1097 4220 1165 4276 illud
1186 4222 1376 4278 testimonium.
1454 4225 1481 4288 4)
1503 4239 1534 4280 v.

281 4319 373 4373 tamen
390 4332 416 4386 p.
435 4319 476 4384 54,
494 4319 518 4370 4.
605 4317 631 4381 5)
656 4315 783 4371 5115111151
798 4313 927 4370 Antiochi
948 4314 1044 4384 legatis
1068 4330 1129 4369 cum
1145 4315 1293 4371 Ptolemaei
1313 4315 1534 4386 disceptauh‘hus

283 4415 393 4466 1555155
410 4409 556 4480 respondet
573 4407 640 4476 (Pol.
658 4407 786 4477 XXVIII,
806 4413 840 4476 1),
857 4424 887 4466 se
904 4408 935 4476 Q.
953 4407 1092 4463 Mesalum
1109 4409 1247 4464 consulem
1262 4409 1400 4464 iussurum
1416 4423 1477 4465 esse
1494 4411 1535 4466 55

282 4503 467 4559 Ptolemaeum
488 4503 618 4571 scribere,
639 4507 673 4557 ut
695 4502 723 4557 ei
738 4516 755 4558 5
771 4503 912 4573 republica
927 4499 1012 4556 55515
1030 4515 1080 4556 sua
1095 4501 1226 4557 videatur.
1306 4505 1332 4568 5)
1355 4503 1388 4557 15
1407 4505 1469 4558 soto
1496 4503 1534 4560 55

284 4597 381 4653 Samiis
396 4602 425 4653 et
441 4597 632 4653 Prienensibus
648 4599 761 4652 senatus
778 4595 871 4652 eadem
887 4595 993 4650 ratione
1002 4593 1190 4652 Prienensium
1206 4596 1344 4654 decretum
1362 4597 1534 4674 comprobat,

283 4691 435 4752 Samiorum
450 4691 565 4764 repellit.
