3424 5296
647 279 857 342 „59-

141 453 251 534 poterat
264 479 308 494 -
321 444 398 512 iude
420 452 565 530 apparet,
588 447 684 532 quod,
706 466 776 513 cum
791 465 820 512 a.
837 449 972 524 5651189
987 453 1060 531 post
1074 447 1250 515 Eumenem
1265 467 1374 531 regem

142 558 323 625 Rhodiorum
338 555 455 639 legatis
473 563 618 622 senatum
644 555 785 622 dandum
807 576 878 623 esse
901 558 1039 640 praetori
1060 557 1242 646 placuisset,
1266 578 1373 625 eorum

142 676 235 734 tsmmr
257 665 377 751 legatio
391 666 550 731 introduci
565 686 630 732 non
645 667 757 750 potuit,
780 667 854 750 quia
869 687 934 732 non
949 667 1062 733 aderat
1076 667 1206 750 quidam
1222 687 1332 734 eorum
1341 673 1373 746 ¹).

140 779 238 860 Itaque
264 775 357 842 brevi
380 775 627 860 Smyrnaeorum
655 777 817 861 legatione
843 777 1032 861 Interposita
1059 783 1126 842 tota
1153 783 1219 842 tum
1248 779 1375 863 Integra

141 886 323 952 Rhodiorum
346 885 465 970 legatio
486 885 667 952 introducta
688 891 746 953 est.

212 996 331 1062 Multas
358 996 537 1080 legationes
559 997 694 1062 Romam
724 997 818 1062 slmul
839 997 1007 1063 venientes
1028 995 1168 1063 ordinari
1190 997 1294 1064 solere
1314 1019 1373 1081 pro

142 1107 294 1172 voluntate
309 1107 475 1172 consulum
491 1110 558 1182 (aut
573 1126 679 1173 eorum
696 1107 937 1189 magistratuum
953 1107 1007 1190 qui
1022 1113 1168 1174 senatum
1180 1112 1373 1191 coegerant),

142 1216 236 1298 itaque
257 1217 445 1300 plerumque
467 1216 600 1300 gratia²)
624 1217 771 1282 consules
794 1216 959 1284 ordinasse
980 1239 1045 1283 non
1062 1219 1164 1284 solum
1179 1218 1278 1283 schol.
1294 1218 1373 1283 Bob.

142 1346 168 1410 p.
187 1329 242 1390 259
266 1346 312 1408 sq.
343 1325 389 1404 (in
415 1325 515 1392 dicer.
545 1348 589 1391 or.
618 1347 675 1410 pro
701 1327 810 1392 Plano.
835 1328 917 1394 XIII
925 1376 932 1410 ,
960 1331 991 1402 2)
1022 1327 1139 1394 diserte
1168 1327 1280 1410 tradit,
1315 1327 1374 1395 sed

143 1436 224 1502 edam
246 1455 264 1502 e
286 1435 475 1519 scriptorum
498 1437 688 1503 testimoniis
709 1437 859 1503 facillime
882 1438 1042 1504 enucleari
1064 1443 1179 1522 potest.
1224 1437 1258 1503 Si
1289 1437 1373 1504 enim

142 1565 220 1628 reges
241 1552 272 1612 et
293 1545 379 1612 aliae
400 1547 580 1630 legationes
595 1548 728 1613 Romam
744 1547 961 1629 convenirent,
983 1566 1110 1632 semper
1129 1552 1228 1612 antea
1244 1547 1375 1629 regibus

142 1661 272 1722 senatum
295 1675 367 1722 esse
389 1656 499 1722 datum
522 1658 567 1724 lta
580 1677 667 1738 vero,
690 1665 724 1723 ut
746 1659 866 1742 pulmus
879 1657 1134 1724 introduceretur
1152 1656 1180 1722 is
1194 1677 1261 1736 rex,
1285 1657 1375 1724 cuius

144 1767 299 1833 auctoritas
321 1772 406 1833 esset
427 1768 577 1849 maxima,
601 1787 618 1834 e
634 1768 760 1852 Polybii
776 1775 808 1835 ot
822 1768 906 1834 Livii
921 1769 1111 1835 testimoniis
1126 1766 1214 1832 haud
1228 1768 1339 1849 paucis
1348 1769 1372 1843 ³)
1407 1831 1409 1840 ,

144 1883 279 1960 apparat3
301 1877 379 1942 item
394 1877 570 1960 legatorum
592 1898 613 1943 a
635 1878 743 1943 multIs
761 1871 910 1961 gentibus
925 1879 1058 1944 Romam
1073 1877 1240 1944 missorum
1254 1875 1374 1960 primos

146 2006 203 2052 esse
228 1986 386 2052 admissos
416 2007 486 2065 eos,
516 1989 569 2070 qui
592 1987 702 2071 optimi
730 1995 762 2055 et
789 1987 958 2054 firmissimi
987 1987 1064 2053 socii
1093 1987 1326 2069 iudIearentur,
1356 2006 1375 2052 e

145 2096 201 2161 Pol.
216 2093 323 2179 XXII,
343 2101 369 2160 1.
393 2096 518 2180 XXXI,
538 2102 551 2162 1
577 2099 723 2164 concludi
745 2098 836 2182 lieet3
859 2097 997 2181 denique
1019 2096 1047 2161 si
1069 2095 1110 2160 de
1131 2116 1211 2179 pace
1225 2097 1375 2188 iacienda

145 2207 229 2289 legati
250 2227 320 2273 oum
343 2207 416 2272 aliis
431 2209 564 2274 Romam
586 2215 811 2290 couvenerant,
840 2209 914 2273 illos
935 2206 1062 2272 auditos
1084 2225 1166 2288 esse,
1195 2225 1266 2271 cum
1288 2207 1374 2272 aliae

145 2315 306 2398 legationes
327 2317 527 2384 introductae
548 2327 663 2402 esseut,
687 2339 727 2386 ex
749 2317 861 2384 eodem
885 2317 1019 2401 Polybio
1042 2317 1159 2398 (XXII,
1186 2321 1212 2382 1.
1236 2317 1373 2400 XXXV,

145 2429 171 2501 2)
189 2435 326 2512 apparet.
388 2453 393 2466 ·

302 2645 339 2700 11.
364 2643 416 2698 DE
441 2643 588 2700 SENATU
610 2644 769 2701 LEGATIS
793 2643 929 2700 ROMAM
952 2643 1067 2699 Missls
1091 2643 1199 2699 DATO.

273 2804 300 2866 1.
334 2799 479 2882 Legati
507 2799 825 2866 Introducuntur
854 2807 891 2866 et
920 2801 1043 2866 verba
1070 2799 1236 2866 faciunt.

218 2951 381 3035 Legatos⁴l
404 2953 525 3034 consul,
548 2972 618 3016 cum
639 2952 673 3016 in
695 2961 809 3018 senatu
830 2953 1002 3018 rettulisset
1024 2973 1042 3019 e
1065 2953 1190 3018 oomItio
1206 2929 1375 3017 incuriam

146 3059 351 3128 introducebat
378 3069 475 3146 atque
499 3063 539 3129 iis
567 3069 758 3145 potestatem
786 3063 924 3128 faciebat
946 3071 1075 3129 senatus
1097 3063 1248 3129 adeundi.
1291 3064 1375 3127 Tum

148 3177 247 3236 senatu
262 3171 335 3238 dato
353 3173 512 3257 princeps,
536 3173 589 3256 qui
611 3173 797 3252 maximusI)
820 3180 897 3238 natu
920 3175 1002 3239 inter
1016 3174 1140 3257 legatos
1155 3192 1226 3240 esse
1240 3174 1375 3252 solebat,

205 3344 226 3404 1)
242 3339 299 3395 Pol.
308 3339 419 3405 XXIII
439 3338 582 3407 ἐβούλοντο
601 3336 716 3406 εἷςάγειν
728 3336 792 3395 τοὺς
800 3335 926 3398 Ῥοδίους,
946 3335 1171 3408 &massenutinae
1185 3340 1214 3394 δέ
1228 3359 1303 3397 τινος
1319 3341 1375 3391 τῶν

148 3437 303 3500 πρεσβευτῶν
322 3432 520 3491 εἷςεκαλέσαντο
540 3431 603 3489 τοὺς
620 3433 802 3501 Σμυρναίους.
830 3433 864 3486 cf.
882 3432 941 3486 Liv.
959 3430 1102 3497 XXXVII,
1122 3437 1163 3486 54.
1250 3436 1275 3497 2)
1298 3433 1374 3489 Non-

148 3540 269 3594 uunquam*
282 3527 364 3582 etiam
381 3525 497 3595 pecunia
514 3531 627 3595 accepta
644 3543 668 3580 v.
687 3541 771 3594 supra
789 3529 823 3578 44
841 3542 898 3594 sqq.
967 3531 992 3590 3)
1011 3526 1068 3580 ΡοΙ.
1086 3524 1173 3589 XXII,
1186 3531 1207 3580 1.
1233 3526 1333 3590 XXHI,
1352 3531 1374 3580 1.

149 3615 232 3684 XXIV,
250 3625 269 3672 1.
299 3619 398 3685 XXIV,
418 3624 447 3672 10
466 3619 535 3684 (coll.
554 3617 611 3673 Lir.
630 3619 688 3672 XL.
707 3623 731 3682 2)
756 3618 842 3684 XXV,
860 3623 875 3672 2
894 3619 964 3687 (coll.
982 3618 1041 3673 Liv.
1058 3617 1117 3682 XL,
1136 3621 1187 3684 29).
1212 3617 1270 3674 Liv.
1288 3619 1374 3686 XLII,

152 3711 181 3760 11.
203 3711 255 3768 Pol.
273 3711 374 3777 XXXI,
395 3718 416 3766 1.
434 3717 458 3766 9.
480 3712 607 3779 XXXIII,
628 3717 666 3766 to.
753 3715 779 3778 4)
804 3713 1001 3768 Gratnluutium
1018 3713 1169 3779 legatorum
1186 3718 1273 3768 vestes
1291 3712 1376 3768 iuIsse

150 3803 270 3868 candidas,
297 3806 446 3874 lugentium
470 3805 605 3871 sordidas,
632 3805 722 3859 multis
744 3806 811 3860 locis
838 3806 1029 3874 comprobatur
1053 3805 1118 3870 (Cic.
1135 3791 1213 3860 Verr.
1231 3805 1267 3870 11,
1292 3811 1315 3872 2,
1334 3812 1375 3860 25.

149 3891 214 3962 lle,
229 3897 266 3952 19.
285 3899 345 3953 Val.
363 3899 437 3954 Max.
454 3900 488 3954 V.
506 3899 527 3964 1,
548 3904 569 3952 1.
597 3899 654 3952 Liv.
672 3898 771 3965 XXVI,
789 3904 831 3953 39.
854 3898 954 3965 XXIX,
972 3905 1011 3954 16.
1037 3898 1162 3965 XXXIV,
1181 3903 1205 3951 9.
1231 3897 1315 3965 XLV,
1334 3905 1375 3954 29.

151 3984 203 4043 Sall.
218 3991 270 4060 Ing.
289 3991 417 4046 XXXIII.
444 3992 593 4047 Menander
610 3992 638 4046 in
655 3993 821 4060 rhetgraec.
832 3992 960 4046 ed.Walz
978 3990 1026 4054 IX,
1039 3995 1088 4044 291
1102 3991 1161 4046 coll.
1171 3991 1240 4047 Plin.
1249 3991 1375 4060 XXXIII,

153 4083 177 4144 1).
206 4083 301 4141 Notum
324 4092 379 4152 est,
404 4101 510 4142 emere
529 4068 696 4141 Graecorum
712 4085 815 4154 legatos
838 4085 973 4154 supplices
997 4084 1160 4151 velamenta,
1187 4101 1275 4141 ramos
1301 4086 1375 4140 oleae

151 4177 269 4246 porrigere
289 4179 357 4246 (Lis.
375 4177 475 4244 XXIX,
496 4183 545 4244 16).
633 4184 658 4244 5)
682 4179 740 4232 LIv.
758 4177 887 4243 XXVIII,
906 4183 945 4232 39.
980 4177 1081 4245 XXIX,
1102 4184 1139 4233 16.
1175 4179 1251 4247 Ipsos
1274 4179 1375 4246 legatos

152 4282 195 4322 uon
214 4272 395 4328 adulescentes
419 4271 516 4338 inleso,
544 4271 591 4326 sed
608 4272 679 4328 vlros
696 4273 811 4342 peritos,
836 4287 884 4340 per
907 4287 936 4326 se
957 4271 1116 4340 intelligitur
1135 4271 1201 4334 (Lis.
1218 4270 1305 4334 XXX,
1324 4275 1374 4337 22).

152 4358 193 4416 Sed
213 4370 242 4418 ut
265 4365 461 4435 posterioribus
491 4365 657 4435 temporibus
684 4365 801 4420 Romani
825 4364 878 4433 ipsi
904 4364 974 4432 siro,
1007 4367 1053 4434 qui
1079 4365 1216 4434 legaIIonis
1242 4363 1374 4432 principis

152 4466 245 4512 munere
265 4459 437 4528 fungebatur,
463 4457 648 4516 adulescentes
667 4458 854 4514 attribuebant
871 4457 947 4523 (Sall.
964 4457 1021 4528 Ing.
1039 4457 1124 4512 XXII.
1151 4475 1175 4511 v.
1193 4456 1264 4510 Plut.
1284 4471 1374 4527 praec.

152 4545 205 4615 reip.
220 4565 272 4618 ger.
290 4551 336 4617 Χ),
353 4551 392 4605 ita
410 4550 526 4606 fortasse
544 4553 624 4606 etiam
641 4551 743 4621 legatos
760 4552 875 4607 Romam
892 4551 987 4608 mlesos
1007 4567 1061 4606 uon
1078 4565 1184 4620 semper
1201 4549 1273 4606 viros
1290 4551 1375 4606 fuisse

152 4650 237 4707 omues,
254 4644 351 4701 coniici
367 4645 437 4700 licet.
