3424 5296
798 265 1009 324 ...14-

279 416 324 495 ὧν
347 427 379 494 oi
402 422 519 510 αὗτ[οὶ]
548 427 663 513 λόγους
692 425 892 514 ἐποιήσαντο
920 434 1052 515 χρυσίον
1077 427 1094 494 ὃ
1118 429 1311 516 συνήνεγκαν
1335 433 1382 512 εἰς
1405 439 1529 520 στέφα-

278 562 344 618 νον,
368 533 484 619 [ὅπως
506 537 553 616 είς
574 535 612 603 τὸ
635 537 854 606 Καπετώλιον
876 545 1040 625 στέφανον
1061 540 1365 622 κατασκευάσωσιυ,
1396 547 1431 611 in
1453 546 1527 612 Seio

278 654 319 720 de
340 651 534 737 Asclepiade
555 672 603 719 vs.
619 655 660 715 25
682 647 812 728 τούτοις
833 674 869 716 τε
884 701 892 715 .
909 701 917 714 .
934 699 969 718 ..
991 655 1116 718 θυσίαν
1138 675 1174 718 τε
1196 655 1338 738 ποιῆσαι
1361 653 1448 741 ἒξ[ῆ],
1473 655 1528 722 du·

277 765 373 831 bituri
394 784 460 830 non
481 769 604 848 potest,
633 762 710 846 quin
731 761 819 842 socii,
843 764 988 846 quamvis
1010 783 1051 831 ex
1070 763 1201 846 hospitii
1221 764 1291 830 iure
1312 765 1346 830 in
1369 765 1527 850 Capitolio
1635 797 1638 804 ¹

277 895 369 942 sacra
395 874 501 942 faeere
529 873 670 957 possint,
697 871 843 940 modeste
870 893 892 939 a
919 878 1033 941 senatu
1060 879 1189 957 petent,
1219 895 1302 957 quae
1326 877 1439 959 negari
1461 897 1527 942 non

276 985 439 1070 possint¹).
483 983 549 1051 Sed
570 981 638 1050 lieri
660 1001 784 1065 quoque
805 983 924 1068 potuit,
950 991 985 1050 ut
1005 1003 1087 1068 gens
1109 983 1267 1068 quaedam
1290 1005 1349 1052 sua
1370 986 1527 1070 religione

275 1095 499 1180 impediretur,
529 1093 698 1177 quominus
718 1094 934 1160 Romanorum
952 1103 1123 1161 'sacrorum
1151 1095 1310 1180 particeps
1339 1103 1433 1163 esset.
1477 1098 1527 1161 Ita

152 1253 158 1266 .
276 1205 394 1300 ,Iudaei
415 1225 444 1272 a.
469 1206 605 1282 erelrse
628 1195 757 1268 ἆσττίδα
775 1205 897 1288 χρυσῆν
919 1199 1085 1286 σύμβολον
1106 1204 1165 1288 τῆς
1188 1210 1374 1286 συμμαχίας
1393 1209 1526 1288 γενομέ-

277 1339 334 1401 νης
356 1313 426 1380 απὸ
446 1315 575 1398 χρυσῶν
597 1311 766 1397 μυριάδων
789 1317 888 1380 πέντε
914 1315 949 1381 in
971 1313 1130 1398 Capitolio
1159 1323 1283 1399 ponunt
1311 1315 1368 1382 sed
1390 1337 1411 1382 a
1433 1317 1526 1382 saeri-

275 1424 400 1492 fioando
422 1425 626 1503 abstinenti.

362 1537 412 1602 De
433 1535 473 1602 iis
494 1542 611 1617 autem,
635 1555 717 1619 quae
739 1535 781 1600 de
802 1535 974 1602 amieorum
989 1535 1025 1601 P.
1043 1537 1080 1601 n.
1103 1535 1203 1602 sacris
1225 1537 1346 1603 Romae
1367 1534 1523 1602 faciendis

276 1647 348 1730 lege
369 1647 491 1712 Rubria
512 1646 616 1711 Acilia
637 1666 667 1711 a.
692 1649 827 1723 6321122
850 1646 946 1722 lata³)
968 1645 1114 1712 instituta
1135 1652 1225 1728 sunt,
1247 1645 1398 1711 iudicium
1419 1645 1526 1712 faeere

275 1776 335 1822 nos
365 1776 431 1821 non
458 1775 643 1839 possumus,
673 1754 758 1838 quod
786 1756 889 1821 solum
916 1775 1033 1821 nornen
1064 1753 1153 1822 illius
1182 1756 1264 1840 legIs
1286 1761 1374 1822 extat
1394 1756 1428 1822 in
1450 1755 1525 1822 Scio

276 1866 317 1932 de
338 1865 689 1952 Astypalaeensibus⁴).

360 2000 403 2066 ΙΙ.
426 2004 456 2066 2.
482 1999 598 2080 Quibus
620 1999 735 2083 lepidus
757 1999 896 2084 hospites
912 1999 1034 2084 publici
1053 2003 1114 2064 tuti
1123 1999 1263 2084 suerint.

362 2111 397 2178 si
423 2111 508 2177 duae
535 2111 682 2177 civitates
709 2110 792 2176 inter
821 2130 856 2176 se
879 2110 1018 2195 hospitio
1040 2111 1229 2178 coniunctae
1251 2115 1361 2192 erant,
1391 2111 1525 2178 alterius

275 2223 472 2307 reipublicae
500 2221 586 2287 cives
614 2219 701 2303 apud
729 2221 864 2287 alterum
892 2220 1045 2306 populum
1073 2221 1174 2288 tutele
1195 2242 1260 2287 non
1282 2221 1437 2302 caruisse,
1466 2241 1524 2306 per

276 2353 310 2400 se
332 2339 432 2418 patet.
476 2332 598 2414 Legum
621 2337 729 2397 autem
752 2331 990 2414 condicionem,
1014 2331 1129 2413 quibus
1153 2330 1215 2396 duo
1238 2331 1284 2396 illi
1306 2333 1418 2416 populi
1439 2332 1524 2398 inter

274 2463 309 2510 se
332 2441 474 2509 obstricti
496 2461 567 2507 esse
588 2441 750 2525 volebant,
773 2441 806 2506 in
829 2441 902 2507 aliis
916 2441 1018 2526 pactis
1033 2443 1131 2508 aliam
1146 2441 1253 2525 luisse,
1276 2441 1523 2527 Mommsenus⁶)

273 2560 359 2620 reete
379 2551 538 2618 iudicasse
558 2551 694 2618 videtur.
727 2552 840 2616 Ita-
861 2559 896 2617 ut
918 2552 1100 2636 exemplum
1122 2551 1254 2618 afferam
1275 2587 1318 2598 -
1339 2553 1532 2640 Asclepiadi„

275 2661 579 2731 benevolentissime
600 2682 622 2728 a
641 2661 678 2727 P.
699 2663 738 2727 R.
760 2661 989 2745 conceditur0),
1016 2668 1081 2742 ,ut,
1104 2661 1131 2727 si
1153 2661 1269 2728 iudicio
1292 2670 1413 2729 certare
1435 2664 1522 2745 velit,

273 2780 329 2840 aut
351 2771 437 2838 domi
459 2773 524 2839 suis
545 2772 669 2856 legibus
690 2772 738 2837 uti
758 2773 860 2854 possit
881 2778 936 2838 aut
957 2772 991 2836 in
1013 2773 1142 2838 civitate
1163 2772 1273 2854 aliqua
1286 2773 1389 2839 libera
1404 2793 1521 2855 earum,

273 2903 356 2967 quae
377 2903 504 2967 semper
525 2883 558 2947 in
580 2881 721 2948 amicitia
741 2883 776 2948 P.
799 2883 835 2947 R.
859 2881 1027 2964 manserit,
1049 2889 1105 2948 aut
1126 2880 1214 2966 apud
1235 2884 1440 2977 magistratus
1462 2885 1523 2948 Ro·

173 2973 175 2980 ’
272 2993 522 3060 maronianus
542 2991 710 3072 turtureus,
732 2992 788 3057 un
809 2993 898 3075 veru,
919 2999 954 3058 u
975 2991 1021 3058 ru
1041 2989 1192 3057 rumorum
1215 2991 1256 3058 re
1272 2993 1312 3060 rs
1327 2994 1422 3059 renus
1437 2992 1523 3059 nane

357 3104 440 3170 Aliis
467 3109 573 3169 autem
601 3102 728 3186 populis
757 3121 826 3168 cum
857 3103 928 3169 cive
955 3102 1063 3185 aliquo
1091 3104 1237 3168 Romano
1264 3101 1380 3168 iudicio
1402 3109 1523 3169 certare

272 3214 455 3280 volentibus
476 3219 606 3280 senatus
629 3217 697 3279 erat
718 3211 902 3296 adeundus,
932 3211 986 3296 qui
1014 3217 1070 3278 aut
1098 3214 1168 3297 ipse
1189 3220 1358 3298 patronum
1382 3213 1523 3298 eligebat

273 3332 329 3391 aut
349 3330 530 3409 praetorem
552 3322 684 3389 iubebat
706 3344 778 3391 eum
800 3324 1006 3400 nominare⁷).

357 3459 418 3524 III.
440 3459 494 3522 De
516 3459 593 3522 locis
613 3457 785 3542 hospitibus
801 3457 935 3543 publicio
956 3459 990 3521 iu
1010 3459 1192 3543 spectaculis
1213 3458 1303 3524 dotis.

357 3569 626 3652 Massiliensibus,
649 3570 719 3652 qui,
743 3588 813 3633 cum
835 3567 1048 3650 audivissent,
1071 3569 1204 3634 Romam
1227 3589 1247 3632 a
1269 3567 1373 3634 Gallis
1394 3573 1522 3652 captam

273 3699 343 3766 esse
366 3685 398 3746 et
418 3679 593 3761 incensam,
616 3679 659 3744 ad
681 3677 876 3761 explendum
898 3677 1024 3761 pondus
1039 3678 1143 3746 Gallis
1165 3699 1277 3744 aurum
1300 3684 1332 3744 et
1354 3685 1521 3762 argentum

272 3815 571 3830 -.-..-.—.-....

344 3900 367 3963 l)
390 3897 458 3952 Item
481 3897 664 3952 Mommsenus
687 3897 800 3951 iudicat:
825 3895 902 3950 Rern.
921 3895 1033 3951 Forseh.
1053 3900 1072 3950 t.
1089 3895 1115 3961 Ι,
1139 3911 1166 3964 p.
1187 3899 1245 3949 341.
1271 3911 1295 3949 r.
1314 3895 1470 3950 Bussenius
1488 3895 1521 3950 de

271 3991 377 4046 formul.
396 3991 436 4045 ed.
455 3991 539 4045 Bach.
557 3990 602 4044 lib.
621 3989 655 4056 11,
673 4006 700 4059 p.
718 3993 767 4044 232
785 4005 842 4058 sqq.
878 3988 907 4054 0,
924 3989 945 4043 L
964 3989 995 4042 L.
1013 3989 1034 4054 1,
1056 4005 1082 4042 n.
1102 3993 1244 4044 est-589.
1281 3988 1519 4053 e.1.e.111‚n.

272 4087 458 4138 5880—5883.
557 4087 582 4149 21
605 4083 712 4152 Ioseph.
729 4082 762 4134 A.
779 4082 800 4134 I.
818 4081 892 4150 XIV,
917 4087 941 4148 8,
965 4087 990 4136 5.
1025 4099 1049 4136 v.
1067 4082 1266 4138 lleudelssohni
1288 4081 1375 4136 senati
1397 4081 1521 4137 consulta

271 4177 395 4232 Romana
417 4193 456 4246 sq.
479 4193 506 4245 p.
525 4180 566 4230 ³5.
661 4179 686 4243 3)
704 4193 728 4230 r.
745 4175 882 4230 Rudorlfii
904 4175 1033 4230 iodicium
1055 4176 1084 4230 iu
1106 4175 1176 4230 actis
1199 4191 1254 4231 soc.
1271 4175 1384 4230 litterar.
1402 4173 1519 4229 Beroliu.

275 4275 337 4326 1861
357 4288 383 4341 p.
402 4274 451 4325 618
469 4269 612 4338 prolatum.
647 4267 746 4336 Langii
762 4268 795 4323 A.
813 4267 846 4322 R.
864 4267 911 4330 112,
930 4273 988 4324 629.
1011 4268 1065 4335 ΙΠ,
1090 4274 1131 4322 41.
1222 4273 1248 4335 4)
1266 4267 1295 4323 (Ι.
1312 4267 1333 4321 1.
1353 4267 1386 4322 G.
1408 4283 1435 4320 n.
1453 4270 1518 4320 2485

270 4379 309 4418 vs.
330 4368 373 4418 11!
392 4367 494 4416 θυσίαν
511 4380 540 4414 τε
558 4359 587 4413 iv
605 4359 772 4430 Καπιτωλίῳ
790 4358 839 4414 ἐὰν
855 4361 920 4432 θέλῃ
939 4364 1075 4429 notique]
1096 4399 1233 4417 ......
1252 4359 1342 4428 [κατὰ]
1365 4357 1415 4412 τόν
1432 4356 1521 4428 νόμον

272 4455 321 4508 τόν
339 4474 368 4510 τε
382 4454 504 4527 Ῥίβριον
521 4454 567 4506 καὶ
585 4452 634 4506 τὸν
642 4449 768 4507 ’Ἀκίλιον
852 4459 878 4521 5)
895 4453 971 4508 Rem.
990 4453 1103 4509 Forseh.
1123 4459 1141 4510 t.
1159 4455 1181 4522 I,
1198 4471 1225 4524 p.
1243 4457 1292 4508 348
1310 4469 1367 4522 sqq.
1445 4459 1470 4518 e)
1489 4450 1519 4504 O.

271 4550 291 4603 I.
310 4550 341 4604 L.
359 4551 380 4616 Ι,
399 4567 424 4618 p.
445 4553 493 4602 110
511 4563 580 4603 vers.
601 4552 631 4602 13
650 4563 707 4616 sqq.
791 4553 817 4612 1)
834 4565 858 4601 v.
876 4548 934 4603 LIv.
953 4547 1052 4612 XLIII,
1070 4552 1093 4601 2.
1130 4547 1187 4604 ΡαΙ.
1204 4547 1252 4612 VI,
1272 4550 1311 4600 11.
1345 4545 1401 4600 die.
1421 4544 1473 4601 div.
1491 4543 1520 4599 in

272 4644 350 4699 Caec.
368 4643 428 4696 XX.-
462 4640 570 4712 Paulyi:
589 4640 715 4695 Realenc.
734 4643 753 4694 t.
772 4640 805 4709 V,
826 4646 899 4696 1245.
