3424 5296
804 295 1014 358 „32-

376 463 437 528 Per
465 479 500 527 se
527 467 633 527 autem
661 466 764 544 patet,
799 461 924 526 Livium
954 462 1012 528 etsi
1040 462 1139 528 libros
1172 463 1281 546 paullo
1314 463 1540 546 neglegentius

292 576 512 657 componeret,
538 571 572 636 id
601 577 708 637 tamen
736 570 871 650 vidisse,
900 590 936 638 se
956 571 990 636 in
1012 570 1207 638 Rhodiorum
1229 571 1444 656 legationibus
1465 593 1541 638 nar-

292 683 403 750 randis
431 701 483 748 res
512 701 606 764 quam
634 683 772 747 marimo
800 682 955 748 turbasse.
1000 681 1068 746 Iam
1096 701 1166 748 cum
1188 681 1279 748 initio
1301 681 1375 747 libri
1396 683 1494 748 XLV.
1520 701 1539 748 e

292 794 427 878 Polybio
457 792 498 858 do
523 791 717 857 Rhodiorum
745 791 860 874 legatis
888 811 918 856 a.
950 794 1084 869 585s169
1111 811 1225 876 pacem
1254 811 1445 874 componere
1473 799 1541 858 stu-

293 903 441 972 dentibus
462 907 621 982 narraret,
652 901 721 966 sine
750 900 847 966 dubio
875 919 996 966 memor
1017 901 1076 966 fuit
1098 920 1222 981 eorum,
1251 921 1333 984 quae
1355 903 1418 967 iam
1440 922 1542 987 supra

292 1015 344 1081 bis
373 1013 412 1080 de
442 1013 537 1079 rebus
558 1011 724 1094 attulerat;
755 1010 812 1076 sed
834 1017 868 1076 ut
889 1010 949 1076 has
972 1009 1051 1108 duas
1072 1013 1271 1078 narrationes
1292 1012 1376 1078 inter
1397 1032 1433 1078 se
1454 1031 1541 1078 com·

292 1126 442 1209 plicaret,
471 1142 512 1188 ex
540 1141 596 1187 suo
625 1121 754 1204 ingenio
783 1120 939 1186 adiecisse
967 1121 1093 1188 videtur
1116 1121 1160 1186 ad
1183 1121 1324 1188 Rhodios
1346 1119 1426 1186 illud
1446 1115 1542 1188 ‘non-

294 1234 369 1300 dum
392 1224 552 1298 dimissos'
577 1237 615 1309 (c.
637 1231 695 1313 ΙΙΙ,
719 1234 767 1311 3),
796 1229 841 1295 ita
869 1236 904 1296 ut
925 1231 958 1296 hi
981 1231 1077 1314 legati
1099 1231 1197 1299 iidem
1219 1237 1336 1313 essent,
1360 1229 1542 1314 dequibus

292 1365 389 1428 supra
411 1342 553 1408 dixisset.
597 1339 663 1407 Sed
684 1341 765 1406 haec
787 1341 957 1424 explicatio
979 1347 1046 1406 tam
1067 1340 1207 1408 absurda
1229 1347 1287 1424 est;
1309 1347 1406 1407 utne
1428 1341 1543 1424 negle-

292 1452 478 1538 gentissimo
507 1449 634 1532 quidem
664 1451 809 1534 scriptori
836 1450 933 1516 tribui
960 1471 1055 1535 posse
1084 1451 1239 1516 videatur.
1285 1452 1369 1516 Nam
1400 1452 1428 1518 si
1459 1471 1543 1516 non·

293 1564 369 1629 dum
391 1561 513 1628 dimissi
535 1567 625 1627 erant
646 1561 753 1642 legati,
777 1560 886 1643 paullo
908 1566 984 1627 ante
1004 1561 1044 1627 iis
1065 1567 1210 1628 senatum
1233 1560 1341 1627 datum
1364 1560 1477 1642 fuisse,
1504 1561 1543 1626 in

292 1674 462 1758 propatulo
484 1679 541 1737 est.
574 1670 656 1734 Huic
677 1677 783 1736 autem
806 1669 947 1753 opinioni
970 1671 1076 1736 obstat
1097 1690 1167 1736 cum
1189 1670 1270 1735 illud
1288 1665 1457 1751 ‘vocatos³,
1480 1691 1543 1754 pro

293 1804 355 1876 quo
384 1780 619 1866 exspectaveris
645 1773 849 1862 ‘revocatos',
879 1786 946 1844 tum
975 1779 1052 1844 mihi
1081 1799 1175 1846 nemo
1204 1780 1399 1864 persuadere
1420 1787 1541 1866 potest,

161 1955 164 1969 ,
293 1893 419 1959 Livium
447 1898 513 1956 tam
540 1889 748 1974 neglegenter
776 1890 941 1974 scripsisse
966 1890 1081 1971 libros,
1110 1896 1232 1956 utnon
1255 1892 1386 1976 exipso
1408 1897 1543 1958 senatus

292 2001 437 2070 consulto
459 1999 545 2065 illico
567 1999 691 2066 adiecto
713 2001 857 2082 vidIsset,
880 1999 947 2066 fieri
967 2000 1065 2084 plane
1086 2020 1152 2064 non
1174 2001 1325 2083 potuisse,
1348 2006 1382 2065 ut
1396 1999 1543 2067 Rhodios

293 2116 424 2204 senatus
451 2111 515 2174 iam
544 2111 727 2178 audivisset.
773 2110 920 2192 Denique
948 2110 975 2176 si
1003 2110 1083 2175 haec
1113 2109 1283 2192 explicatio
1310 2103 1465 2176 ‘nondum
1494 2110 1545 2176 di·

294 2213 420 2289 missos’
451 2227 538 2286 recta
560 2227 660 2303 esset,
690 2221 717 2286 si
739 2239 774 2286 re
795 2238 873 2284 vera
894 2219 993 2302 legati
1015 2224 1111 2286 antea
1132 2217 1274 2284 nondum
1297 2219 1398 2286 auditi
1420 2225 1542 2303 essent,

294 2330 391 2415 legati
413 2350 442 2395 a.
466 2329 600 2412 oscitet
623 2337 769 2396 senatum
791 2328 957 2414 adiissent,
979 2334 1121 2396 attamen
1143 2347 1213 2393 cum
1230 2327 1404 2396 intromissi
1420 2336 1541 2414 essent,

294 2444 415 2507 Romae
438 2441 645 2523 mansissent;
669 2461 723 2506 cur
745 2460 821 2506 vero
836 2439 961 2522 Rhodii,
984 2439 1012 2505 si
1035 2444 1165 2505 senatus
1186 2445 1252 2504 tam
1275 2440 1390 2506 acerbo
1410 2459 1546 2524 respon·

293 2552 350 2634 dit,
373 2569 431 2634 per
453 2552 527 2613 unni
546 2551 678 2633 spatium
701 2551 822 2615 Romae
843 2549 1028 2630 manserint,
1051 2547 1194 2631 intellegi
1217 2549 1315 2632 plane
1336 2569 1402 2614 non
1424 2555 1542 2632 potest.

380 2659 445 2726 Sed
457 2652 775 2726 estillud‘dimissos'
792 2658 874 2724 nihil
885 2658 973 2723 aliud
985 2677 1079 2740 quam
1091 2658 1347 2724 Drakenborohii
1359 2659 1543 2726 coniectura

293 2770 479 2856 probabilis,
495 2770 522 2836 si
537 2770 659 2836 litteras
674 2777 810 2854 spectas,
825 2769 916 2849 falsa,
932 2768 960 2834 si
970 2787 1074 2834 rerum
1085 2775 1246 2850 gestarum
1262 2788 1379 2835 noxum
1398 2789 1544 2852 perscru-

293 2881 381 2948 taris.
404 2879 481 2946 Mihi
493 2899 551 2963 pro
562 2873 869 2946 codicum‘nondum
881 2871 1007 2944 missos'
1021 2877 1223 2944 scribendum
1235 2898 1305 2945 esse
1316 2874 1545 2946 videtur‘non-

296 2989 370 3055 dum
392 2981 633 3065 intromissos'¹)
655 2990 756 3056 itaut
778 2989 819 3055 de
841 2989 914 3055 aliis
935 2989 1051 3072 legatis
1073 2989 1209 3054 sentiam
1225 2994 1332 3071 (quam
1348 3008 1426 3071 quos
1441 3009 1545 3072 supra

295 3099 405 3164 Livius
427 3099 596 3180 attulerit),
625 3099 678 3181 qui
706 3106 782 3167 ante
803 3101 947 3164 nuntium
969 3099 1122 3164 victoriae
1143 3100 1264 3164 Romae
1285 3097 1373 3182 apud
1394 3105 1545 3181 quaesto·

295 3228 361 3275 rem
384 3207 515 3273 nomina
537 3208 726 3291 detulerunt,
748 3216 889 3276 attamen
912 3211 1012 3294 post²)
1035 3209 1199 3275 victoriam
1220 3215 1294 3275 suut
1315 3208 1497 3276 intromissi.

817 3409 853 3473 B.
880 3409 1019 3490 Reges.

381 3541 460 3608 Cum
483 3541 600 3608 diserto
621 3541 771 3607 traditum
793 3543 843 3626 sit,
866 3543 1027 3610 Herodem
1049 3562 1157 3626 regem
1180 3542 1317 3627 (Iosepb.
1342 3544 1379 3610 Α.
1401 3543 1427 3608 Ι.
1450 3543 1543 3627 XIV,

299 3659 347 3736 14,
372 3658 390 3718 5
419 3673 450 3737 p.
473 3656 534 3718 265
564 3653 682 3729 Bekk.)
711 3671 769 3736 per
791 3653 853 3718 VII
883 3653 967 3736 dies,
995 3654 1140 3719 Prusiam
1168 3652 1251 3730 (Liv.
1279 3653 1378 3736 XLV,
1402 3658 1454 3730 44)
1482 3673 1545 3737 per

296 3764 395 3830 XXX
425 3762 510 3844 dies,
540 3762 742 3828 Ariarathem
770 3763 850 3844 (Pol.
879 3763 1026 3846 XXXII,
1057 3765 1109 3841 20)
1137 3781 1195 3844 per
1217 3761 1280 3828 VII
1308 3761 1374 3828 iere
1401 3781 1543 3846 menses,

297 3873 445 3940 Antiochi
473 3873 557 3956 regis
588 3871 671 3940 filios
698 3871 774 3950 (Cic.
795 3873 830 3938 in
853 3874 942 3940 Verr.
965 3875 1012 3952 II,
1034 3878 1065 3955 4,
1088 3875 1139 3936 27.-
1168 3872 1216 3954 II,
1239 3876 1269 3954 4,
1294 3876 1346 3949 30)
1375 3891 1432 3956 per
1460 3871 1544 3940 duos

296 3984 363 4052 lero
385 4003 486 4049 annos
500 3985 621 4049 Romae
643 3989 854 4050 commoratos
876 4003 956 4066 esse,
980 3977 1015 4049 si?
1029 3983 1086 4048 illa
1099 3981 1289 4048 testimonia
1310 3983 1395 4048 inter
1416 4002 1451 4048 se
1468 4002 1546 4048 con·

296 4094 435 4176 ferimus,
458 4112 555 4158 unum
576 4092 724 4158 constitui
745 4112 840 4176 posse
854 4093 988 4175 vidntur,
1011 4111 1103 4175 reges
1117 4091 1270 4158 Romanis
1290 4091 1409 4158 amieos
1424 4090 1545 4160 diutins

296 4225 393 4288 quam
415 4203 570 4269 sociorum
591 4203 714 4286 legato·
736 4202 857 4269 Romae
878 4203 1065 4269 commorari
1086 4202 1237 4286 potuisse.

369 4477 391 4535 l)
419 4471 545 4527 Similiter
566 4469 761 4525 intromittendi
782 4471 912 4528 vocabulo
936 4471 1022 4526 utItur
1043 4471 1101 4528 Liv.
1120 4469 1246 4540 XXVIII,
1269 4473 1310 4524 39.
1336 4467 1476 4531 XXXVII,
1499 4473 1545 4525 46.

299 4563 367 4618 Gall.
385 4564 432 4630 VI,
450 4569 474 4632 3,
494 4569 517 4620 6.
587 4567 612 4630 2)
630 4563 715 4618 Recte
731 4563 789 4618 Pol.
808 4563 895 4632 XXX,
913 4569 941 4633 4;
964 4579 1019 4618 non
1035 4563 1074 4618 ita
1091 4568 1217 4619 accurate
1234 4563 1416 4619 Mommsenus
1432 4562 1462 4616 iu
1478 4561 1545 4618 hist.

301 4656 378 4712 Rom.
397 4657 418 4724 1,
436 4661 460 4711 a.
477 4674 505 4728 p.
524 4661 581 4712 ror.
