3424 5296
226 1420 394 1502 HOSTIS,
424 1419 677 1503 HOSPITIUM,
706 1420 918 1501 AMICITIA,
949 1419 1132 1504 Foebus,
1162 1420 1352 1490 DEDI'IIO.

249 1607 432 1691 Antiquitus
454 1626 525 1672 cum
547 1627 568 1672 a
589 1606 724 1690 singulis
746 1606 894 1690 gentibus
917 1606 1061 1674 civitates
1077 1612 1246 1691 separatae
1261 1606 1410 1674 constitui

164 1725 298 1803 coeptae
313 1722 431 1800 essent,
453 1715 615 1783 bominem
629 1717 762 1783 alterius
776 1717 973 1802 reipublicae
991 1717 1078 1801 apud
1100 1719 1235 1784 alterum
1257 1719 1411 1802 populum

164 1831 272 1914 legum
301 1827 401 1893 tutela
422 1828 519 1910 plane
541 1825 697 1908 caruisse,
728 1846 785 1912 per
807 1846 843 1893 se
864 1833 961 1910 patet.
1005 1825 1101 1912 Apud
1123 1829 1284 1895 Romanos
1306 1836 1412 1896 autem

160 1939 191 2006 is
213 1938 415 2024 peregrinus,
446 1937 489 2003 ad
518 1956 612 2020 quem
634 1937 700 2003 suis
720 1937 847 2020 legibus
868 1943 1010 2005 utentem
1031 1939 1247 2004 Romanorum
1269 1939 1414 2005 instituta

163 2071 229 2115 non
252 2049 450 2133 spectabant,
472 2046 648 2128 antiquitus
669 2047 894 2131 appellabatur
917 2047 1057 2124 bostisb.
1094 2047 1173 2114 Cum
1194 2068 1270 2115 vero
1285 2049 1415 2138 Latino·

163 2181 234 2226 rum
257 2159 344 2236 „suis
365 2157 491 2241 legibus
513 2156 579 2222 uti“
602 2155 771 2240 dupliciter
791 2157 929 2241 intelligi
951 2158 1052 2242 possit
1072 2164 1128 2224 aut
1151 2157 1191 2224 de
1213 2159 1342 2225 civitate
1364 2160 1414 2226 sui

162 2269 241 2336 iuris
256 2288 327 2334 cum
342 2267 493 2334 Romanis
509 2285 713 2349 nequaquam
734 2267 873 2344 iuncta²l
896 2271 952 2332 aut
975 2265 1015 2333 de
1037 2267 1201 2351 republica
1222 2268 1282 2351 cui,
1305 2289 1415 2352 quam-

165 2400 261 2463 quam
282 2379 390 2461 aliqua
412 2379 549 2444 societas
571 2397 642 2442 oum
664 2377 818 2443 Romanis
839 2375 1028 2458 intercessit,
1051 2377 1197 2444 omnibus
1219 2385 1328 2446 tamen
1349 2379 1415 2446 suis

164 2489 292 2571 legibus
314 2489 361 2554 uti
382 2488 510 2570 lIcuit³l,
533 2486 630 2553 valde
648 2487 789 2553 dubitari
810 2493 924 2570 potest,
947 2493 1051 2552 utrum
1066 2488 1167 2555 hostis
1182 2509 1253 2555 esse
1267 2488 1416 2555 videatur

165 2600 353 2684 peregrinus
375 2597 506 2681 hospitii
527 2596 596 2662 iure
610 2596 765 2664 adversus
781 2596 845 2662 vim
861 2607 893 2663 et
914 2596 1047 2664 iniurias
1067 2597 1246 2677 defensus⁴l
1268 2620 1309 2664 an
1325 2618 1415 2683 pere-

164 2711 276 2796 grinus
291 2708 430 2776 civitatis
445 2709 566 2773 Romae
588 2728 653 2774 non
675 2706 874 2773 coniunctae.
907 2706 972 2773 Sed
994 2728 1065 2774 cum
1087 2708 1174 2793 apud
1189 2709 1319 2775 Festum
1342 2729 1367 2775 s.
1383 2729 1414 2774 v.

162 2828 268 2888 status
289 2819 360 2886 dies
382 2838 456 2902 pag.
480 2821 541 2883 314
563 2817 606 2883 Μ.
629 2817 819 2884 referentem
841 2817 922 2883 baec
950 2823 1072 2894 ,status
1096 2818 1163 2885 dies
1185 2825 1332 2901 vocatur,
1361 2820 1416 2902 qui

164 2930 261 2997 iudici
290 2950 404 2996 caussa
433 2936 482 2996 est
511 2928 700 2994 constitutus
722 2947 793 2993 cum
814 2927 997 3010 peregrin03
1025 2927 1093 2994 eius
1115 2928 1202 2994 enim
1223 2929 1351 3011 generis
1373 2929 1415 2995 ab

164 3041 306 3123 antiquis
334 3041 442 3107 hostes
470 3037 734 3124 appellabantur,
763 3036 848 3120 quod
877 3043 969 3103 erant
992 3039 1071 3122 pori
1097 3039 1166 3100 iure
1199 3058 1267 3101 cum
1298 3040 1416 3123 populo

165 3151 313 3215 Romano
341 3157 438 3232 atque
468 3148 587 3214 hostire
616 3148 796 3232 ponebatur
823 3167 880 3232 pro
910 3143 1064 3230 aequare'
1095 3148 1154 3214 illa
1182 3149 1283 3215 verba
1311 3149 1417 3232 „quod

165 3267 258 3327 erant
286 3260 357 3344 pari
386 3259 455 3325 iure
484 3278 555 3324 cum
585 3259 704 3342 populo
726 3259 892 3324 Romano“
922 3257 986 3324 dici
1015 3278 1080 3324 non
1108 3258 1249 3341 possint,
1283 3259 1345 3325 nisi
1376 3259 1417 3328 de

166 3370 299 3437 civitate
319 3389 391 3436 cum
413 3369 567 3436 Romanis
595 3390 660 3435 non
683 3368 851 3435 coniuncta
873 3371 958 3447 [narn
981 3403 1023 3414 —
1044 3374 1079 3433 ut
1100 3369 1288 3434 Mommseni
1310 3370 1417 3437 verbis

168 3482 201 3558 (l.
226 3488 264 3557 o.)
287 3485 359 3544 utar
381 3513 423 3525 -
445 3478 503 3546 der
524 3478 624 3546 hostis
645 3479 687 3545 ist
709 3478 845 3545 niemals
872 3480 905 3543 in
928 3479 1008 3544 Rom
1036 3479 1175 3545 recbtlos
1200 3528 1206 3543 .
1230 3526 1238 3543 .
1264 3479 1417 3546 .lreilich

167 3590 211 3656 ist
226 3588 484 3674 Rechtsstellung
503 3589 592 3656 nicht
605 3588 898 3674 Rechtsgleicbheit
920 3589 1000 3672 (pari
1022 3588 1112 3666 iurel]
1135 3588 1185 3654 his
1209 3608 1227 3654 e
1248 3589 1418 3655 ratiocina-

167 3699 309 3766 tionibus
325 3699 471 3766 conoludi
488 3719 582 3785 posse
597 3698 732 3781 videtur,
756 3699 878 3764 bostem
901 3697 1088 3782 simpliciter
1109 3698 1305 3783 significasse
1325 3720 1418 3784 perc·

240 3941 264 4000 1)
282 3935 370 3989 Plaut.
390 3933 465 3988 Trin.
482 3935 503 4000 l,
522 3938 545 3987 2.
565 3937 607 3988 65.
642 3932 713 3988 Rud.
731 3933 766 3999 II,
784 3939 808 3999 4,
827 3938 868 3987 21.
902 3933 989 3988 Varro
1008 3933 1041 3988 de
1064 3933 1116 3986 ll.
1134 3932 1201 3999 V,3
1224 3949 1287 3988 nam
1309 3939 1417 3990 tumeo

168 4028 251 4082 verbo
271 4027 377 4092 (bostis)
395 4028 521 4082 dicebant
538 4027 719 4096 peregrinum,
745 4026 861 4096 quisuis
879 4025 982 4094 legibus
1000 4029 1130 4091 uteretur,
1147 4040 1220 4080 nuuc
1238 4026 1332 4082 dicunt
1349 4043 1420 4095 eum,

169 4126 326 4189 quamtum
349 4119 476 4174 dicebant
498 4119 669 4188 perduellem.
706 4118 864 4184 Oiaoffil,
886 4123 924 4173 12.
958 4119 1080 4174 Macrob.
1099 4118 1155 4173 Sat.
1174 4119 1196 4179 Ι,
1216 4123 1256 4172 16.
1292 4118 1364 4174 Serv.
1383 4119 1419 4173 ad

170 4213 251 4282 Verg.
268 4213 335 4266 Aen.
352 4213 400 4276 IV,
418 4216 478 4266 425.
505 4212 566 4282 Dig.
585 4216 680 4276 4915,
699 4218 713 4266 5
734 4217 748 4277 6
769 4216 783 4266 2
803 4209 837 4265 cf.
849 4210 1068 4280 Osenbrueggeui
1086 4211 1194 4267 delore
1211 4211 1324 4266 beffiae
1342 4212 1418 4280 pacis

170 4307 246 4375 Lipa.
269 4310 333 4361 1836
350 4321 378 4373 p.
396 4309 411 4359 8
430 4320 470 4374 sq.
565 4309 591 4370 2)
614 4322 638 4359 u.
656 4305 769 4373 Voigtii:
789 4304 838 4360 das
855 4304 896 4359 ius
914 4305 1036 4359 naturale
1053 4305 1128 4374 Lips.
1149 4308 1213 4360 1858
1231 4310 1250 4358 t.
1269 4304 1304 4370 11,
1321 4321 1348 4373 p.
1368 4309 1418 4360 259

170 4399 264 4454 adnot.
284 4403 342 4452 276.
447 4401 471 4463 3)
490 4415 514 4452 v.
529 4398 644 4465 Volgtii:
668 4397 776 4453 dusius
794 4398 917 4452 naturale
941 4404 960 4451 t
978 4397 1013 4462 11,
1039 4413 1065 4466 p.
1084 4401 1134 4451 429
1152 4397 1242 4452 adnot
1261 4403 1319 4452 546.
1354 4397 1419 4468 Lag.

170 4493 273 4546 Aulon.
284 4491 459 4545 deTermess.
471 4491 580 4546 liu.VII
597 4491 637 4554 (Ο.
655 4490 718 4544 LL.
737 4489 758 4556 I,
776 4505 802 4558 p.
816 4494 889 4555 llll:
906 4489 999 4558 itaque
1016 4489 1066 4544 icis
1083 4489 1207 4544 omnibus
1225 4490 1296 4545 suala
1313 4492 1419 4560 legibus

171 4584 346 4640 Thermeusls
364 4583 511 4639 maioribus
523 4583 637 4638 Pisideis
655 4583 695 4639 uti
712 4582 801 4638 liceto.
822 4581 972 4647 Gellllvl,
983 4587 1022 4650 19,
1033 4587 1057 4635 6.
1118 4585 1144 4646 4)
1162 4581 1205 4636 Ita
1223 4582 1417 4640 Mommseuus:

171 4677 250 4732 Rem.
268 4676 381 4732 Forsch.
400 4679 419 4730 t.
437 4676 458 4743 l,
476 4692 503 4746 p.
522 4679 570 4730 919
588 4676 649 4730 adn.
669 4681 710 4730 56.
