3424 5296
828 297 1039 356 ..50-

310 460 343 516 de
366 474 477 514 munere
499 459 595 528 legatis
620 457 679 512 dari
701 457 780 514 solito
804 463 852 512 eut
875 457 908 512 de
925 457 1023 512 viatico
1042 457 1153 525 cogitari
1174 471 1255 526 posse
1284 457 1477 525 significasset,
1502 475 1560 514 non

310 553 450 619 dubitavit,
469 553 533 622 quin
551 551 769 607 honorationem
786 549 992 620 praeferendam
1010 565 1070 606 esse
1088 553 1218 606 censeret.
1254 549 1309 606 Sed
1325 566 1386 605 cum
1402 551 1477 607 nullo
1495 552 1557 606 loco

221 679 225 686 ·
310 629 347 701 de
367 661 470 701 summo
488 645 620 715 pecuniae
637 644 732 712 legatis
750 659 800 713 pro
817 643 914 699 viatico
933 642 997 698 dots
1014 659 1102 700 sermo
1121 643 1169 711 sit,
1193 658 1243 697 nos
1262 659 1323 698 cum
1340 644 1559 700 Mendelssobnio

310 755 365 794 non
382 738 513 793 facientes
534 738 613 794 alteri
630 737 729 794 rationi
745 736 907 806 plaudimus.

396 831 448 886 Sed
469 831 556 901 ipsam
578 846 709 887 summam
733 847 788 886 non
806 845 865 886 esse
882 829 1061 885 revocandam
1077 829 1173 897 talem,
1198 829 1304 898 qualem
1320 829 1560 886 Mendelssobnius

311 923 451 979 constituit
473 921 547 982 ὅπως
563 925 645 982 Γάϊος
663 923 764 981 dolosos
782 965 789 978 .
808 964 814 976 .
834 963 841 976 .
861 963 867 976 .
886 924 960 983 ξένια
982 926 1039 980 τοῖς
1056 926 1233 991 πρεσβευταῖς
1251 921 1291 990 δῷ
1309 922 1338 977 ἐκ
1355 925 1404 974 τοῦ
1424 922 1562 992 δημοσίου

311 1015 359 1069 δύο
383 1019 455 1086 μνᾶς
476 1015 543 1070 καθ’
568 1015 683 1070 ἕκαστον
704 1017 782 1072 nobis
799 1031 960 1085 persuasum
978 1021 1031 1083 est3
1055 1030 1118 1070 nam
1137 1018 1165 1070 et
1180 1016 1248 1070 illud
1264 1019 1348 1086 μνᾶς,
1372 1032 1421 1084 pro
1439 1032 1493 1084 quo
1512 1031 1561 1072 ex·

310 1110 472 1178 spectaveris
489 1109 673 1166 Romanorum
697 1110 849 1176 sestertIos,
873 1109 986 1165 offendit
1005 1113 1034 1163 et
1054 1108 1114 1178 ipsa
1131 1123 1236 1164 summa
1252 1125 1307 1164 non
1324 1109 1471 1178 respondet
1487 1109 1559 1164 binis

309 1202 426 1258 millibus
453 1203 533 1260 aeris.
573 1205 667 1273 Itaque
693 1221 743 1260 nos
770 1218 857 1272 nsque
883 1203 916 1257 de
941 1201 1020 1256 minis
1045 1215 1131 1271 neque
1158 1201 1191 1256 de
1216 1218 1320 1257 summa
1345 1203 1415 1258 binis
1438 1202 1560 1260 millibus

309 1297 490 1364 respondente
510 1297 667 1364 cogitamus,
687 1297 734 1351 sed
751 1297 863 1351 eandem
881 1311 1020 1361 summam,
1037 1311 1118 1364 quem
1134 1295 1164 1348 in
1180 1299 1239 1350 sc'to
1257 1295 1290 1349 de
1301 1291 1499 1351 'Prienensibus
1516 1297 1560 1351 in·

309 1389 437 1454 remmus,
454 1389 484 1444 in
501 1395 560 1445 scto
579 1390 612 1444 de
627 1389 734 1444 Iudaeis
752 1389 905 1458 ponendam
924 1404 983 1444 esse
1000 1403 1150 1444 censemus.

395 1483 473 1550 Oum
494 1487 560 1551 iam
581 1505 678 1569 supra
700 1491 880 1552 enarratum
903 1485 953 1567 sit,
976 1484 1092 1567 legatis
1113 1485 1341 1568 posterioribus
1362 1483 1560 1568 temporibus

309 1615 374 1660 non
396 1595 460 1659 iam
483 1596 587 1660 locum
609 1595 710 1660 lautia
731 1613 802 1660 esse
825 1594 910 1677 deta,
933 1613 991 1678 per
1014 1614 1049 1661 se
1063 1601 1161 1678 patet,
1184 1595 1223 1660 iis
1236 1594 1431 1678 temporibus
1444 1613 1560 1660 munus

311 1724 437 1788 quoqne
459 1705 610 1772 omissum
632 1724 714 1771 esse.

399 1843 428 1904 3.
451 1837 505 1901 Do
527 1839 616 1901 dorsis
637 1839 764 1924 occuper
786 1840 875 1902 dotia.

394 1949 508 2014 Mirum
530 1969 593 2014 non
617 1955 680 2030 est,
711 1949 797 2032 quod
818 1949 955 2016 Romani
980 1948 1095 2031 legatis
1117 1969 1138 2014 a
1160 1949 1254 2016 sociis
1276 1949 1397 2032 missis,
1428 1949 1481 2033 qui
1503 1967 1562 2016 eos

309 2057 420 2124 officiis
443 2058 526 2124 datis
549 2058 777 2140 devinxerant,
800 2079 865 2124 non
887 2059 989 2124 solum
1012 2079 1126 2125 munus
1147 2061 1291 2126 solemne
1312 2061 1476 2144 praebere,
1500 2059 1559 2126 sod

307 2169 439 2254 insuper
460 2169 590 2234 honoris
612 2168 716 2251 gratia
739 2167 824 2233 dona
847 2167 923 2233 dare
945 2169 1102 2235 solebant.
1132 2170 1247 2254 Itaque
1268 2169 1443 2236 Carnorum
1463 2170 1559 2236 Istro-

307 2298 440 2361 rumque
456 2285 488 2344 ot
502 2279 668 2345 Gallorum
683 2279 860 2362 legatorum
876 2279 1053 2361 comitibus,
1073 2279 1182 2346 liberis
1198 2281 1361 2364 servisque
1376 2301 1406 2346 a.
1422 2285 1559 2360 5847170

308 2387 501 2454 vestimenta
523 2395 596 2454 sunt
619 2388 708 2472 data;
731 2389 876 2454 similiter
891 2389 1080 2455 Masinissae
1101 2391 1279 2472 legatorum
1301 2391 1467 2458 comitibus
1489 2391 1560 2456 mil·

307 2499 386 2564 lium
409 2497 493 2564 aeris
515 2505 547 2562 et
569 2498 695 2579 singula
716 2498 927 2579 vestimenta,
955 2499 1034 2581 ipsis
1056 2499 1171 2582 legatis
1194 2500 1271 2566 bina
1291 2501 1483 2568 vestimenta
1505 2501 1561 2567 de-

308 2615 395 2675 creta
410 2613 484 2674 sunt
499 2607 579 2684 (Lis.
596 2608 703 2691 XXX,
720 2612 780 2683 17).
806 2607 995 2692 Micythioni
1010 2628 1096 2690 vero,
1113 2607 1372 2676 Chalcidensium
1387 2611 1561 2694 legationis

307 2718 445 2802 principi
467 2724 507 2796 (a.
532 2721 697 2798 5847170),
728 2716 813 2799 quod
840 2717 976 2800 pedibus
1005 2725 1118 2802 captus
1146 2726 1229 2803 erat,
1259 2722 1388 2804 publius
1411 2721 1560 2788 vehicula

306 2828 414 2893 locata
446 2835 535 2910 sunt,
569 2847 650 2909 quae
683 2847 754 2893 curn
788 2826 953 2894 commode
986 2829 1198 2895 Brundusium
1231 2833 1445 2915 perveherent
1476 2833 1559 2908 (Liv.

306 2939 428 3020 XLIII,
454 2941 499 3021 8);
528 2938 604 3003 item
632 2937 749 3020 legatis
771 2938 957 3021 Saguntinis
984 2942 1230 3025 comprehensos
1252 2962 1322 3008 curn
1345 2942 1481 3028 pecunia
1502 2942 1559 3008 ad-

309 3046 496 3113 ducentibus
519 3046 814 3130 Carthaginienses,
843 3049 897 3131 qui
925 3049 967 3116 ad
995 3050 1204 3117 conducenda
1231 3054 1353 3120 auxilia
1380 3055 1415 3119 in
1444 3053 1560 3136 Hispa·

307 3157 394 3222 niam
416 3156 631 3240 traiecissent,
663 3178 775 3224 surum
797 3167 1028 3243 argentumque
1050 3160 1160 3226 datum
1181 3180 1220 3227 ac
1241 3183 1358 3245 naves,
1387 3164 1501 3246 quibus
1523 3165 1559 3230 in

306 3268 497 3352 Hispaniam
519 3274 755 3362 reverterentur
777 3269 857 3348 (Liv.
873 3270 981 3351 XXX,
998 3273 1061 3346 iil.
1095 3269 1281 3353 Saguntinis
1303 3281 1409 3340 autem
1431 3275 1558 3358 legatis,

308 3378 361 3460 qui
376 3378 503 3444 Italiam
522 3383 699 3462 spectatum
714 3379 761 3446 ire
775 3380 940 3462 volebant,
964 3379 1061 3447 duces
1077 3378 1144 3446 dati
1158 3381 1349 3466 litteraeque
1364 3403 1421 3467 per
1437 3383 1559 3468 oppida

307 3489 434 3569 missae,
458 3495 493 3552 ut
516 3507 571 3553 ecs
593 3488 724 3554 comiter
746 3490 928 3573 acciperent
951 3490 1032 3568 (Lis.
1055 3489 1210 3574 XXVIII,
1229 3495 1297 3577 39);
1320 3493 1396 3558 item
1418 3500 1451 3560 ct
1465 3495 1559 3561 This·

307 3598 397 3665 baois
418 3619 447 3664 a.
465 3601 601 3675 584f170
625 3596 701 3663 data
719 3604 793 3664 sunt
814 3595 990 3682 γράμματα
1013 3599 1250 3685 φιλάνθρωπα,
1274 3603 1303 3670 si
1325 3623 1386 3686 quo
1409 3604 1452 3669 ad
1474 3605 1558 3672 alias

308 3707 453 3774 civitates
479 3695 528 3772 iro
555 3706 728 3773 studebant
757 3709 903 3792 (Ephom.
932 3711 1031 3795 epigr.
1059 3712 1085 3793 I,
1109 3715 1170 3778 278
1200 3712 1256 3776 lin.
1287 3715 1338 3792 59)
1367 3721 1399 3780 et
1426 3713 1559 3782 Iudaeis

308 3837 337 3881 a.
363 3817 497 3898 621l133
528 3816 705 3902 γράμματα
735 3817 812 3885 data
841 3826 916 3885 sunt
937 3819 983 3899 εἷς
1005 3817 1189 3906 ἀσφάλειαν
1212 3822 1268 3907 τῆς
1292 3819 1338 3898 εἰς
1361 3815 1450 3888 οἷκον
1473 3821 1560 3888 ἔπα-

308 3915 406 3989 νόὸουΙ
430 3929 502 3996 ilos.
524 3927 562 3993 A.
585 3929 610 3992 Ι.
633 3927 733 4010 XIII,
757 3933 786 4013 9,
811 3933 840 4013 2,
863 3951 894 4014 p.
921 3934 980 3995 172
1003 3931 1126 4014 Bckk.,
1149 3952 1179 3997 v.
1203 3931 1459 4000 Mendelssobni:
1473 3940 1559 4001 scta

307 4037 398 4102 Rom.
422 4056 473 4120 ap.
496 4038 558 4103 Ios.
581 4058 612 4122 p.
639 4041 697 4103 743
710 4043 780 4122 sq.).

393 4147 457 4212 Eas
484 4152 590 4212 autem
620 4166 691 4213 curn
720 4169 830 4216 curare
857 4151 976 4218 iussum
1006 4171 1092 4230 esse,
1122 4151 1175 4234 qui
1202 4150 1243 4218 dc
1264 4157 1331 4220 tota
1352 4171 1388 4220 rc
1409 4159 1561 4222 senatum

307 4259 519 4341 consuluerat,
542 4256 820 4326 Mendelssobnius
841 4266 926 4328 recte
948 4260 1116 4349 adnotavit
1137 4266 1285 4346 recteque
1306 4263 1425 4330 adiecit
1446 4255 1579 4332 esrum'

307 4365 484 4434 litterarum
517 4368 851 4435 commendaticiarum
878 4372 1060 4455 exemplum
1091 4373 1235 4454 quamvis
1264 4374 1410 4440 mutilum
1444 4382 1562 4446 extare

307 4478 395 4561 apud
416 4478 544 4562 Ioseph.
567 4480 605 4546 A.
628 4480 653 4546 I.
676 4479 763 4563 XIV,
791 4487 838 4563 10,
863 4485 901 4545 15
924 4502 954 4565 p.
979 4485 1040 4546 240
1063 4482 1169 4548 Bckk.
