3424 5296
388 509 417 570 3.
449 507 480 568 ci
498 514 624 568 reactus
639 504 757 587 loqutus
772 504 815 568 ad
828 504 969 568 conculco
984 515 1040 568 aut
1057 507 1136 570 alios
1157 507 1358 588 maqistratac
1379 506 1549 582 reiicicbat,

451 617 507 700 qui
525 616 564 676 iis
585 635 602 677 e
622 623 688 677 ceto
710 611 939 696 rudssoccrcat.
1341 676 1344 684 ,

387 729 456 793 Hoc
476 725 665 809 saepissime
686 723 734 806 fit,
761 725 789 790 si
810 725 965 790 sociorum
987 725 1086 809 legati
1108 726 1228 793 Romae
1249 747 1269 792 a
1291 735 1405 794 senatu
1426 733 1551 812 petunt,

303 847 337 906 ut
359 839 541 904 colonorum
562 854 712 902 numerus
734 833 796 900 sibi
818 843 981 918 augeatur.
1015 836 1083 901 Hac
1098 855 1174 902 vero
1189 838 1358 905 occasione
1382 838 1457 905 data
1478 859 1551 905 eum

302 950 385 1015 laeto
418 952 548 1014 senatus
582 947 727 1012 consulto
761 951 793 1010 et
825 945 993 1028 plebiscito
1025 948 1213 1031 plerumque
1246 948 1372 1015 tresviri
1404 951 1552 1017 coloniae

304 1057 511 1126 deducendae
522 1063 713 1138 crearentur,
726 1057 779 1138 qui
795 1061 914 1121 certum
929 1055 1120 1122 familiarum
1135 1077 1301 1125 numerum
1314 1059 1509 1126 deducerent
1517 1063 1551 1143 ¹),

303 1177 369 1236 soto
392 1168 509 1251 scripto
532 1186 611 1250 opus
632 1169 797 1246 non'erat,
822 1165 907 1248 quod
929 1166 1059 1232 daretur
1080 1167 1183 1233 sociis.

388 1279 469 1344 Item
492 1275 697 1341 iudicandum
719 1275 930 1342 esse‘videtur
944 1275 985 1342 de
1008 1277 1247 1359 quaestionibus
1269 1280 1390 1346 Romae
1412 1300 1430 1346 e
1452 1283 1553 1346 socio·

303 1411 372 1455 rum
389 1387 539 1472 querellis
554 1386 741 1452 constitutis.
779 1387 829 1451 lta
852 1385 892 1451 de
913 1386 1030 1469 legatis
1045 1387 1152 1452 Latini
1173 1389 1310 1456 nominis
1333 1390 1550 1476 querentibus,

303 1519 455 1584 magnum
470 1516 635 1562 numerum
651 1485 766 1560 civium
782 1517 909 1562 suorum
924 1498 1058 1562 Romam
1073 1499 1298 1582 oommIgrasse
1313 1497 1421 1582 ibique
1436 1521 1551 1568 censos

304 1631 389 1691 esse,
420 1609 560 1692 praetori
589 1607 751 1689 negotium
782 1605 891 1671 datum
921 1614 983 1688 cst,
1020 1615 1054 1672 ut
1082 1627 1191 1674 omnes
1220 1610 1420 1692 conquireret
1449 1631 1552 1693 eoque

303 1721 408 1787 redire
430 1725 567 1801 cogeret,
589 1717 645 1782 ubi
666 1721 764 1781 antea
784 1717 871 1782 censi
893 1725 1000 1784 essent
1022 1717 1103 1794 (Liu
1125 1718 1280 1796 XXXIX,
1305 1723 1347 1797 3).

389 1829 537 1910 Denique
565 1829 592 1894 si
621 1827 736 1909 legatis
764 1828 925 1893 Romanos
953 1829 1158 1910 magIstratus
1184 1830 1407 1896 accusantibus
1428 1831 1552 1896 Romae

304 1939 524 2021 satisfiebat²l,
554 1944 683 2004 senatus
706 1937 899 2018 consultum,
923 1937 1008 2019 quod
1029 1937 1144 2020 legatis
1168 1939 1295 2005 domum
1317 1941 1552 2008 revertentibus

306 2051 443 2132 daretur,
466 2065 737 2132 supervacaneum
759 2046 866 2126 luisse,
890 2067 947 2130 per
968 2067 1004 2114 se
1025 2054 1124 2132 patet.

388 2167 418 2226 4.
452 2161 483 2222 ci
507 2167 632 2222 occatur
660 2155 702 2219 ud
729 2159 958 2220 controversias
978 2161 1134 2222 sociorum
1157 2159 1347 2223 dirimendas
1369 2161 1412 2224 od
1431 2180 1484 2223 cos
1506 2162 1550 2224 Ie·

452 2270 570 2354 9et0s³l
593 2266 757 2331 mittendos
779 2287 845 2329 ecoe
867 2267 1009 2331 censebat

390 2387 419 2445 5.
449 2382 479 2442 ri
498 2391 623 2443 sauctus
645 2377 687 2442 od
702 2378 855 2462 populum
877 2377 997 2460 lequtos
1017 2380 1204 2442 rcr'z‘cieados
1225 2401 1291 2442 esse
1313 2379 1463 2446 coemebat.

390 2493 441 2557 Ita
455 2491 622 2556 Gallorum
644 2489 744 2571 legati
765 2508 795 2552 a.
819 2491 952 2564 367l387
977 2494 1134 2572 petentes,
1158 2497 1192 2554 ut
1214 2509 1254 2555 ox
1276 2490 1344 2556 iure
1365 2489 1507 2574 gentium
1530 2512 1551 2556 a

305 2608 417 2668 senatu
446 2599 538 2666 Fabii
566 2599 615 2663 illi
643 2605 708 2663 tres
731 2597 930 2680 dederentur,
959 2607 1131 2680 asmata,
1161 2619 1202 2665 ue
1224 2619 1324 2682 penes
1346 2601 1433 2684 Ipsos
1454 2602 1553 2686 eulpa

306 2717 390 2780 esset
412 2710 513 2776 cladis
535 2709 616 2776 forte
638 2709 763 2774 Gallico
785 2707 871 2774 bello
901 2716 1068 2792 acceptae,
1098 2708 1141 2774 ad
1168 2710 1319 2793 populum
1343 2710 1452 2776 reiecti
1475 2719 1553 2778 sunt

304 2822 386 2899 (Liv.
403 2821 440 2898 V,
465 2825 527 2896 36).
543 2855 584 2865 -
600 2819 761 2885 Caeritum
784 2825 890 2885 autem
912 2821 1010 2903 legati
1033 2839 1062 2884 a.
1085 2823 1220 2896 collese
1243 2840 1263 2885 a
1285 2827 1399 2886 senatu
1420 2821 1552 2889 veniam

304 2938 450 3017 petentes
478 2930 521 2995 ad
548 2932 703 3014 populum
725 2929 833 2995 reiecti
856 2937 943 3012 sunt,
975 2928 1060 3012 quod
1082 2936 1212 2996 senatus
1234 2931 1345 3014 populi
1366 2933 1487 2998 iussum
1510 2931 1552 2999 dc

304 3042 344 3107 iis
376 3048 473 3107 antea
504 3039 621 3105 factum
654 3029 777 3104 irritum
809 3039 913 3105 iacere
945 3060 1011 3104 non
1043 3039 1146 3123 potuit
1154 3041 1186 3116 ⁴).
1231 3040 1281 3106 De
1312 3040 1441 3108 loedere
1472 3062 1552 3109 vero

305 3150 488 3218 renovando
511 3170 581 3216 cum
604 3171 632 3215 a.
656 3153 791 3226 439l315
815 3149 1003 3215 Samnitium
1025 3150 1136 3233 populi
1158 3150 1282 3233 legatos
1304 3150 1475 3233 misissent,
1503 3165 1580 3220 se·'

304 3268 398 3328 natus
428 3261 498 3328 sine
524 3259 635 3343 populi
663 3260 750 3324 iussu
779 3259 891 3326 foedus
921 3279 1076 3326 renovare
1105 3281 1170 3325 non
1196 3280 1292 3327 ausus
1322 3260 1365 3327 ad
1396 3263 1552 3345 populum

303 3373 428 3454 legatos
449 3370 559 3451 reiecit
575 3371 656 3448 (Liv.
671 3371 729 3452 IX,
746 3373 809 3448 20).
824 3407 865 3417 -
882 3370 1028 3452 Denique
1049 3389 1107 3452 per
1128 3389 1164 3436 se
1184 3369 1380 3454 intelligitur,
1403 3380 1552 3438 senatum

305 3481 346 3546 de
368 3481 489 3546 civibus
511 3481 664 3548 Romanis
693 3481 863 3547 decernere
890 3501 955 3546 non
977 3499 1088 3564 posse,
1117 3481 1225 3562 itaque
1245 3481 1345 3565 legati
1367 3482 1501 3566 civium,
1524 3485 1554 3550 si

305 3592 346 3658 de
368 3590 407 3656 iis
428 3589 634 3656 iudicandum
657 3596 717 3666 est,
740 3588 781 3654 ad
803 3591 956 3673 populum
979 3590 1200 3668 1·ciieiuntur⁵).

306 3781 332 3829 et
355 3775 389 3830 de
409 3780 485 3829 voter
506 3789 554 3828 sur
576 3775 615 3828 les
640 3773 811 3828 conclusione
834 3775 930 3842 qu'elle
953 3773 1125 3844 presentaIt“.
1163 3774 1233 3828 Nem
1257 3775 1279 3830 si
1304 3791 1364 3830 cum
1381 3776 1551 3833 Mommseno

306 3868 504 3932 contendimus,
527 3867 588 3922 illos
612 3871 749 3922 senatores
774 3883 790 3921 a
813 3874 938 3937 praetore
960 3867 1112 3922 nominatos
1130 3867 1245 3922 Thisbes
1269 3883 1327 3923 csse
1344 3869 1441 3924 missos
1458 3870 1553 3938 itaque

305 3962 333 4015 iu
356 3961 409 4016 scti
432 3961 551 4015 secunda
573 3967 651 4029 parte
674 3961 708 4016 iis
726 3976 743 4014 a
761 3968 857 4016 senatu
880 3977 939 4015 esse
956 3960 1137 4029 praescripta,
1162 3962 1276 4030 quaein
1294 3962 1374 4016 rebus
1392 3962 1552 4020 ordinandis

308 4069 353 4108 eos
372 4053 448 4120 sequi
466 4059 611 4121 oporteret,
634 4055 714 4122 plane
732 4071 787 4110 non
804 4054 969 4122 intelligitur,
993 4069 1041 4108 cur
1059 4060 1169 4109 senatus
1187 4060 1243 4107 tam
1260 4061 1386 4110 accurate
1404 4061 1432 4108 et
1450 4055 1554 4111 diserte
1629 4055 1630 4066 ¹

305 4147 406 4202 omma.
429 4162 497 4215 quac
515 4146 570 4201 siut
586 4147 764 4214 instituenda,
787 4147 918 4216 significet
935 4151 1030 4202 contra
1047 4162 1125 4202 usum
1144 4146 1299 4202 sollemnem
1316 4164 1445 4202 summam
1464 4149 1554 4204 solam

306 4241 372 4303 (Liv.
395 4240 538 4306 XXXVII,
562 4243 604 4304 55)
629 4241 787 4309 exponendi.
826 4241 896 4305 Quid
920 4241 990 4296 enlm
1013 4240 1125 4310 cogitari
1146 4243 1248 4309 potest,
1273 4239 1345 4309 quod
1363 4240 1479 4310 quinque
1495 4241 1554 4296 illis

305 4335 368 4389 vicis
386 4335 422 4390 sit
439 4333 624 4399 ordinandum,
641 4339 784 4403 postquam
802 4341 911 4388 senatus
929 4335 969 4388 ita
985 4334 1120 4388 decrevit?

374 4431 399 4494 1)
422 4428 480 4482 Liv.
498 4426 629 4494 XXVIII,
649 4431 688 4482 12.
721 4427 852 4494 XXXIII,
871 4432 911 4482 24.
946 4426 1090 4495 XXXVII,
1108 4431 1149 4483 46.
1184 4424 1287 4490 XLIII,
1310 4431 1346 4480 ll.
1439 4431 1463 4493 2)
1487 4427 1552 4484 Lir.

306 4519 405 4587 XLIII,
422 4525 447 4579 2.
465 4528 489 4576 l.
564 4526 590 4590 3)
612 4521 670 4578 Lis.
687 4521 812 4582 XXXIV,
830 4525 870 4574 62.
895 4520 1022 4586 XXXIX,
1041 4525 1083 4574 24.
1110 4519 1167 4576 Pol.
1185 4519 1285 4586 XXIV,
1302 4524 1327 4573 4.
1354 4519 1412 4576 Lis.
1430 4519 1487 4586 XL,
1507 4525 1552 4576 20.

305 4612 363 4666 Pol.
381 4612 480 4680 XXVI,
497 4621 520 4668 l.
540 4619 580 4670 18.
673 4621 698 4679 4)
722 4615 780 4670 Liv.
793 4615 852 4681 VII,
869 4618 910 4668 20.
936 4631 959 4670 v.
978 4613 1171 4682 Marquardtii:
1195 4612 1302 4669 Handb.
1319 4613 1354 4680 II,
1374 4619 1398 4682 3,
1420 4617 1472 4669 rm.

306 4711 332 4772 5)
350 4705 408 4761 Lir.
426 4707 524 4773 XXVI,
543 4713 584 4764 33.
613 4727 638 4764 r.
655 4709 763 4779 Langii:
782 4709 816 4763 R.
835 4710 869 4764 A.
886 4708 933 4776 11²,
952 4712 1000 4763 413
1014 4723 1057 4777 sq.
