3424 5296
656 308 867 370 ...45-

150 473 287 555 idemque
316 493 346 537 a.
376 476 491 550 685169
500 475 520 550 ¹)
555 472 724 540 referretur
755 494 794 540 ao
826 481 1040 543 renovaretur.
1097 475 1163 544 Sed
1192 495 1297 560 neque
1324 476 1385 544 boo

149 589 268 650 senatus
290 584 469 650 eonsultum
491 602 596 665 neque
618 583 672 648 lex
694 582 833 650 Gabinia
854 605 884 650 a.
909 585 1039 682 687161,
1070 605 1134 670 qua
1160 586 1261 669 legati
1282 586 1385 671 impe·

149 693 322 775 diabautur,
351 694 519 777 quominus
547 700 623 760 ante
651 700 798 760 senatum
823 694 932 760 datum
956 701 1082 780 patmm
1103 697 1227 763 animos
1249 698 1387 781 peeunia

149 810 370 888 oppugnarent,
386 840 429 850 —
443 803 539 886 quod,
563 825 634 871 eum
651 802 867 886 advenissent,
891 825 986 890 quam
1008 807 1172 876 celerrime
1189 809 1223 873 in
1238 815 1386 874 senatum

148 914 438 995 introducebantur,
470 949 508 959 -
539 913 676 997 priscam
703 933 825 979 morum
855 915 1070 999 integritatem
1099 936 1250 984 revooare
1272 917 1386 1001 potuit.

149 1023 340 1102 Quinetiam
364 1023 398 1090 G.
421 1023 563 1090 Cornelii
584 1025 800 1108 rogationem,
830 1045 872 1092 ne
899 1026 970 1109 quis
991 1027 1107 1110 legatis
1129 1034 1309 1096 exterarum
1330 1047 1387 1094 na·

147 1135 259 1198 tionum
282 1151 457 1218 expensam
480 1133 585 1215 ferret,
607 1155 672 1200 non
691 1143 891 1220 aeceperunt,
915 1136 1000 1219 quod
1014 1156 1125 1204 omnes
1139 1137 1205 1204 fere
1221 1145 1386 1206 senatores

148 1243 256 1308 talibus
276 1243 311 1309 in
333 1243 603 1327 negotiationibus
625 1245 778 1312 numariis
799 1245 1020 1312 versabantur.
1051 1247 1165 1331 Itaque
1185 1249 1299 1314 mirum
1321 1269 1386 1314 non

150 1360 208 1435 est,
237 1352 321 1436 quod
349 1353 552 1420 Ptolemaeus
580 1355 711 1422 Auletes
719 1357 756 1438 ¹),
787 1355 839 1438 qui
869 1337 1017 1423 maximis
1044 1357 1188 1439 pecuniis
1218 1357 1301 1424 datis
1328 1377 1387 1424 rex

148 1464 278 1548 Aegypti
308 1469 340 1529 et
366 1462 471 1529 sotius
500 1469 531 1530 et
559 1463 680 1531 amisus
708 1464 820 1549 populi
842 1464 979 1530 Romani
1006 1465 1107 1532 faetus
1130 1473 1215 1550 erat,
1246 1477 1317 1534 tum
1345 1467 1386 1532 ab

148 1573 295 1658 Aegyptia
324 1574 476 1657 expulsus
497 1574 631 1639 Romam
660 1595 688 1640 a.
720 1572 835 1660 691157
864 1575 1020 1658 venisset,
1050 1574 1176 1644 etfioere
1205 1578 1322 1661 potuit,
1352 1584 1388 1643 ut

148 1683 430 1749 Alexandrinorum
458 1683 577 1766 legatio
606 1684 913 1768 centumuirorum,
943 1687 1026 1769 quae
1053 1686 1195 1753 venisset
1224 1685 1267 1753 ad
1288 1689 1388 1772 impe·

149 1791 307 1870 diendum,
345 1793 513 1876 quominus
545 1793 748 1860 Ptolemaeus
783 1793 816 1858 in
853 1813 987 1878 regnum
1019 1796 1234 1863 Romanorum
1266 1797 1387 1864 auxilio

146 1901 267 1982 rediret,
289 1903 455 1969 nonnullis
477 1922 585 1969 eorum
607 1903 784 1986 legatorum
800 1904 921 1986 oooiris,
945 1905 1092 1972 omnibus
1106 1906 1173 1974 tere
1188 1892 1389 1988 senatoribus

147 2013 293 2096 oonuptis
315 2012 349 2079 in
372 2019 517 2080 senatum
540 2032 605 2078 non
627 2013 888 2080 introduceretur.

29 2189 31 2198 ,
224 2123 336 2207 Itaque
347 2122 388 2190 de
403 2123 453 2189 bis
468 2129 501 2189 et
514 2122 556 2189 de
570 2123 811 2206 insequentibus
825 2123 1023 2209 temporibus
1038 2125 1213 2194 rectissime
1227 2126 1387 2194 iudioasse

29 2215 31 2222 ’
146 2231 264 2300 ridetur
286 2231 376 2315 Cato,
398 2231 500 2300 rarius
520 2233 659 2299 inveniri
681 2253 764 2317 eum,
787 2234 840 2317 qui
861 2227 1035 2318 peounlam'
1053 2241 1270 2304 oontemneret
1292 2256 1388 2321 quam

29 2401 30 2404 ,
146 2341 196 2424 qui
216 2361 365 2426 magnam
385 2343 551 2410 victoriam
573 2345 807 2429 reportassetb.

211 2589 232 2650 ll
250 2585 302 2640 Dio
323 2587 351 2642 C.
370 2585 403 2640 fr.
425 2591 480 2648 111,
499 2591 514 2640 3
533 2585 585 2642 Dd.
612 2586 724 2654 Langii:
743 2586 776 2640 R.
795 2588 827 2641 A.
845 2586 892 2652 111,
914 2591 961 2640 199
979 2605 1019 2658 sq.
1099 2592 1123 2653 2)
1142 2589 1195 2645 Dio
1214 2589 1242 2644 (l.
1260 2588 1390 2658 XXXIX,

147 2680 174 2730 11
192 2692 228 2745 sq.
256 2679 310 2732 Cio.
329 2679 397 2733 Rab.
415 2678 488 2734 Post.
506 2678 541 2748 II,
560 2685 576 2734 t
593 2681 629 2736 ad
645 2679 708 2734 farn.
725 2682 746 2744 1,
768 2685 828 2734 1.1.
851 2697 876 2734 v.
894 2679 1008 2748 Langii:
1026 2681 1059 2735 R.
1077 2681 1109 2734 A.
1128 2681 1177 2748 111,
1196 2687 1245 2737 114
1259 2697 1317 2752 sqq.

29 2751 30 2838 i
144 2771 169 2832 3)
191 2769 315 2840 Exempli
337 2787 434 2828 caussa
456 2771 600 2829 afferamus
624 2774 693 2828 Gall.
715 2771 769 2840 XI,
790 2779 828 2828 10.
864 2773 918 2830 los.
935 2773 968 2826 A.
986 2774 1006 2828 1.
1028 2773 1101 2840 XIV,
1124 2780 1166 2840 14,
1190 2780 1214 2830 3.
1250 2775 1320 2831 Plin.
1345 2791 1387 2846 ep.

144 2861 175 2924 v,
192 2868 214 2930 1,
235 2870 272 2920 re.
