3424 5296
775 279 986 340 ..40-

255 446 446 514 auctoritate
468 450 643 512 commotus
665 465 683 512 e
705 444 822 512 finibus
843 443 929 527 regis
950 442 1125 510 exercitum
1147 441 1335 508 deduxisset
1356 461 1514 510 coronam

255 557 442 624 aureamin
465 555 622 640 Capitolio
645 576 675 622 a.
698 558 834 632 5561198
856 560 1030 639 posuerunt
1051 549 1134 638 (Liv.
1157 550 1300 634 XXXII,
1324 551 1379 636 27)
1387 556 1418 630 ¹).

342 690 372 756 d.
403 691 469 758 Sed
498 691 525 758 si
546 689 685 756 Romani
712 690 746 754 in
765 689 926 774 periculis
954 687 1102 754 maximis
1134 694 1318 768 versantur,
1349 687 1512 754 sociorum

258 801 344 868 dona
370 801 413 883 ad
438 801 592 867 auxilium
614 799 715 865 allata
736 806 792 865 aut
813 819 878 864 non
900 798 1061 882 accipiunt
1082 803 1152 880 aut,
1181 817 1223 864 ne
1252 815 1359 864 eorum
1382 799 1513 866 animos

256 911 432 995 offendant,
454 911 489 976 irl
511 911 613 977 solum
636 927 655 974 e
675 907 870 990 muneribus,
894 907 979 992 quod
1001 887 1123 973 minimi
1146 907 1240 992 pretii
1256 914 1313 990 cst,
1336 907 1511 992 accipiunt.

341 1047 393 1113 Ita
414 1065 433 1113 e
455 1045 548 1112 donis
563 1043 847 1128 Neapolitanorum
870 1043 1047 1134 legatorum
1069 1049 1142 1126 post
1157 1041 1358 1109 Cannensem
1381 1043 1512 1110 cladem

256 1157 455 1224 venientium
477 1156 579 1222 solam
601 1160 747 1239 pateram
768 1153 891 1218 minimi
914 1152 1007 1236 pretii
1029 1151 1190 1235 accipiunt
1212 1153 1294 1228 (Liv.
1310 1153 1419 1234 XXII,
1435 1153 1509 1237 3213

257 1267 315 1334 sed
337 1286 466 1351 prorsus
488 1266 673 1332 reiiciuntur
695 1265 794 1331 dona:
934 1246 945 1276 ⁸

298 1403 477 1486 legatorum
509 1421 530 1466 a
557 1401 673 1466 Paesto
702 1405 775 1483 post
806 1419 948 1482 pugnam
981 1397 1184 1464 Cannensem
1217 1399 1385 1466 missorum
1423 1397 1510 1476 (Liv.

702 1506 898 1590 XX11,37).
993 1501 998 1514 ’

300 1623 478 1705 legatorum
500 1616 703 1700 Carthaginis
722 1616 733 1746 p

502 1727 693 1794 Masinissae

503 1837 679 1903 Ptolemaei

764 1675 962 1740 venientium
991 1681 1066 1741 ante
1098 1677 1218 1741 bellum
1248 1695 1319 1742 cum
1348 1678 1509 1745 Antiocho

721 1747 732 1899 i
857 1785 1034 1868 gerendum
1056 1783 1138 1861 (Lis.
1161 1785 1315 1870 XXXVI,
1340 1792 1371 1861 4)
1380 1789 1413 1864 ²).

347 1972 437 2052 Quae
451 1973 668 2038 Romanorum
681 1972 765 2038 ratio
781 1991 852 2038 cum
867 1977 944 2037 nota
959 1977 1052 2054 esset,
1068 1991 1134 2036 non
1148 1972 1279 2054 ignarus
1294 1973 1511 2042 verecundiae

258 2102 368 2154 eorum
379 2081 476 2148 Hiero
488 2081 607 2148 donum
618 2082 698 2165 auri,
714 2081 798 2165 quod
810 2087 884 2166 post
893 2101 1035 2166 pugnam
1046 2080 1249 2148 Cannensem
1259 2082 1385 2149 mittere
1395 2084 1509 2167 voluit,

257 2194 293 2259 in
314 2192 458 2258 habitum
474 2192 634 2258 Victoriae
654 2191 813 2275 formavit,
836 2198 871 2258 ut
885 2192 1021 2258 Romani
1043 2192 1200 2275 religione
1214 2193 1291 2258 moti
1307 2192 1393 2276 regis
1407 2193 1511 2260 mnni-

257 2302 386 2370 ficentIa
413 2301 460 2368 uti
488 2310 685 2386 cogerentur.
729 2302 820 2382 Quae
842 2300 971 2385 quidem
993 2320 1068 2385 spes
1090 2320 1163 2368 eum
1184 2323 1250 2368 non
1273 2302 1403 2387 fefellit;
1432 2325 1510 2370 nam

256 2432 293 2480 re
320 2432 399 2479 vera
421 2411 560 2477 Victoria
587 2431 745 2495 omenque
774 2417 822 2478 est
849 2416 1025 2496 acceptum.
1069 2411 1329 2494 Eademcaussa
1351 2413 1511 2481 adductus

258 2523 407 2608 Trypho,
440 2522 590 2587 Antiochi
622 2521 687 2589 filio
715 2522 881 2606 impubere
909 2521 1030 2603 occiso,
1059 2529 1095 2586 ut
1121 2523 1262 2588 amicitia
1290 2531 1510 2605 renovaretur,

258 2633 431 2700 Victoriam
453 2650 583 2698 auream
604 2652 633 2697 a
658 2633 792 2710 6111113
816 2632 917 2713 misit,
947 2650 1041 2714 quam
1070 2638 1200 2698 senatus
1229 2633 1353 2716 accepit
1373 2633 1432 2700 sed
1452 2632 1512 2700 καὶ

257 2741 316 2831 τὴν
345 2735 509 2828 εὐφημίαν
538 2740 622 2823 μετὰ
650 2742 708 2805 τοῦ
738 2741 929 2819 λυσιτελοῦς
961 2739 1132 2828 ἐτήρησεν,
1162 2735 1236 2806 ἀντὶ
1265 2740 1302 2808 δὲ
1327 2741 1512 2830 Τρύφωνος

258 2856 571 2937 μεταχρημοτίσοσα
592 2850 650 2938 τὴν
674 2849 767 2916 δόσιν
790 2850 837 2928 εἰς
851 2849 908 2915 τὸν
924 2844 986 2915 ὑπ’
1005 2848 1106 2915 αὐτοῦ
1123 2851 1397 2937 δολοφονηθέντα
1410 2859 1513 2938 βασι-

259 2961 317 3027 λέα
339 2960 398 3049 τὴν
422 2958 610 3050 ἐπιγραφήν
633 2959 816 3047 ἐποιήσατο
840 2961 945 3034 (Diod.
969 2962 1125 3042 XXXIII,
1149 2965 1199 3044 28,
1223 2961 1308 3039 Dd.).

665 3214 689 3264 2.
714 3207 760 3265 Dc
782 3210 874 3280 ipris
895 3211 1101 3268 muneribus.

344 3370 373 3415 a.
401 3347 514 3430 Qualia
534 3349 598 3411 ciat
618 3368 746 3412 munera
768 3359 799 3412 et
821 3370 900 3434 quae
922 3349 960 3412 de
981 3351 1021 3412 iic
1033 3347 1128 3434 fiant.

343 3485 388 3552 Ut
416 3483 600 3568 imperatori
628 3483 740 3550 victori
768 3485 978 3569 triumphales
1009 3505 1145 3552 coronae
1173 3505 1291 3552 aureae
1318 3487 1513 3569 agentibus

259 3595 354 3663 sociis
375 3594 567 3675 afferuntur,
596 3593 642 3659 ita
663 3593 797 3659 Romam
819 3601 893 3678 post
913 3615 1063 3678 magnam
1086 3594 1250 3661 victoriam
1272 3593 1439 3662 mittuntur
1460 3619 1513 3662 cc-

258 3726 357 3769 ronco
385 3724 501 3769 ocreae
529 3705 730 3788 (orepavor),
766 3703 825 3772 sed
853 3705 1022 3788 paullatim
1051 3705 1085 3770 in
1117 3723 1238 3770 morem
1271 3705 1375 3790 venit,
1404 3709 1512 3775 socios

259 3813 500 3897 quibuscunque
528 3813 748 3882 occasionibus
776 3815 861 3881 (latis
888 3835 946 3899 pro
977 3814 1070 3881 donis
1098 3815 1233 3881 Romam
1263 3815 1346 3883 terre
1375 3837 1511 3885 coronas

259 3941 386 3990 aureas.

345 4049 435 4130 Quae
462 4069 608 4133 munera,
638 4049 752 4133 quibus
773 4086 815 4098 -
836 4056 872 4116 ut
900 4056 969 4116 erat
996 4055 1139 4116 veterum
1168 4052 1363 4119 consuetudo
1393 4088 1434 4099 —
1462 4054 1510 4118 in-

261 4162 381 4246 scripta
402 4158 500 4226 fuisse
521 4158 653 4226 nomina
673 4180 781 4227 eorum
804 4161 857 4244 qui
881 4159 967 4227 dona
984 4181 1142 4244 quamque
1157 4161 1198 4227 ob
1214 4182 1360 4230 caussam
1374 4163 1510 4230 Romam

332 4452 355 4513 1)
378 4447 473 4514 ltaque
494 4444 611 4500 tortasse
628 4444 773 4501 Ptolemaei
796 4461 901 4516 quoque
924 4445 1008 4514 legati
1030 4443 1098 4512 (Liv.
1116 4446 1200 4515 XLV,
1223 4451 1262 4514 13)
1280 4447 1384 4504 Romae
1406 4450 1511 4516 gratim

261 4545 371 4610 agentes
385 4539 494 4614 publica
511 4538 582 4592 dona
599 4552 690 4594 secum
707 4539 836 4594 tulerunt.
906 4541 932 4605 t)
949 4537 1068 4608 Philippi
1085 4537 1157 4594 dona
1174 4538 1268 4594 codem
1286 4544 1408 4610 tempore
1424 4543 1511 4600 allata

260 4630 441 4700 accipiuntur,
459 4630 532 4700 quod
548 4631 606 4687 eius
622 4630 686 4687 fidei
702 4632 817 4689 Romani
834 4647 890 4688 non
908 4631 986 4687 ulmis
1004 4630 1113 4686 credere
1129 4631 1261 4688 videntur.
