3424 5296
849 337 1061 398 ..52-

415 507 556 591 Regibus
578 507 674 589 igitur
696 503 831 587 singulis
853 523 918 568 una
939 523 1010 568 cum
1033 508 1202 587 quaestore
1219 503 1353 568 Romam
1377 503 1584 570 venientibus

330 623 371 686 ab
388 640 426 687 eo
441 617 628 702 magistratu
649 615 838 699 plerumque
859 614 958 679 aedes
980 613 1101 680 liberae
1109 616 1139 696 ¹),
1163 632 1245 696 quae
1267 613 1372 698 ipsum
1393 633 1501 697 regem
1525 634 1582 680 co-

330 731 485 812 mitesque
500 727 688 811 reciperent,
704 723 964 790 conducebantur
975 729 1190 808 sumptusque,
1208 722 1313 806 quoad
1324 725 1358 788 in
1370 724 1465 790 Italia
1476 731 1582 804 erant,

330 840 543 926 praebebatur
565 837 646 914 (Liv.
668 834 767 916 XLV,
794 839 841 898 14.
865 837 929 906 44).

416 954 446 1014 2.
468 948 613 1012 Munera.

414 1059 556 1142 Regibus
578 1055 682 1137 sociis,
705 1074 776 1120 cum
799 1061 950 1120 senatum
966 1053 1131 1135 adiissent,
1152 1054 1229 1122 item
1244 1062 1279 1122 ut
1293 1055 1448 1122 sociorum
1462 1057 1584 1140 legatis

332 1192 350 1240 e
378 1175 508 1238 senatus
537 1166 680 1233 consulto
708 1184 841 1230 munera
870 1183 941 1229 esse
967 1165 1129 1248 praebita,
1160 1185 1218 1250 per
1247 1187 1282 1234 se
1309 1172 1408 1250 patet.
1451 1165 1516 1232 Sed
1547 1172 1583 1232 ut

331 1280 472 1348 muneris
494 1297 617 1344 summa
637 1275 784 1356 minima,
811 1293 893 1357 quae
914 1273 1081 1340 sociorum.
1094 1276 1210 1358 legatis
1232 1275 1376 1358 daretur,
1400 1283 1484 1344 certe
1507 1297 1584 1344 eon-

333 1393 444 1461 stituta
472 1407 544 1456 esse
571 1386 712 1464 videtur,
743 1385 789 1450 ita
816 1385 850 1450 in
879 1385 1070 1450 contrarium
1095 1406 1227 1454 munera
1249 1407 1373 1452 summa
1396 1392 1428 1454 et
1450 1388 1584 1455 honori-

332 1500 554 1580 ficentissima,
594 1516 674 1580 quae
701 1494 836 1578 regibus
870 1494 1024 1560 darentur
1060 1502 1115 1560 aut
1148 1497 1335 1564 absentibus
1370 1498 1582 1580 mitterentur,

333 1631 421 1678 more
443 1609 597 1674 maiorum
620 1610 739 1674 statuta
762 1623 832 1670 esse
854 1603 1011 1670 videntur.

419 1719 498 1786 Cum
521 1719 606 1784 enim
627 1713 753 1799 imperii
775 1713 954 1796 insigniab,
977 1715 1090 1797 quibus
1104 1717 1242 1783 Romani
1262 1738 1354 1803 reges
1376 1739 1450 1786 suos
1465 1739 1583 1786 ornare

333 1833 490 1912 solerent,
521 1833 627 1894 essent
649 1832 681 1891 et
701 1824 779 1887 sellu
801 1823 946 1902 οονολλτθ)
969 1834 1002 1886 ct
1020 1835 1175 1910 sceptrum
1196 1829 1229 1890 iu
1249 1830 1423 1893 summitate
1445 1832 1584 1916 aquilum

335 1940 479 2022 bohemi
502 1947 534 2002 et
554 1947 627 2020 topo
643 1937 732 2019 picta
754 1935 918 2019 tunicaque
937 1935 1107 2018 palmatu⁵i
1129 1939 1344 2003 Romanorum
1359 1941 1530 2024 senatus),
1555 1941 1584 2006 si

334 2069 428 2134 reges
451 2055 600 2116 externos
623 2045 725 2111 socios
748 2051 780 2108 et
802 2045 920 2109 amicos
942 2045 1053 2128 populi
1067 2047 1203 2116 Romani
1225 2049 1391 2132 appellare
1407 2069 1583 2135 eorumque

334 2159 502 2244 imperium
530 2177 589 2224 sua
617 2154 803 2221 auctoritate
826 2154 950 2222 sancire
972 2131 1117 2238 voiebat,
1145 2153 1186 2224 ¹ea
1207 2179 1340 2225 munera
1362 2161 1490 2246 regibus
1512 2161 1584 2226 mit·

335 2271 435 2338 tenda
463 2287 534 2336 esse
562 2265 722 2332 censebat.
767 2263 834 2330 Sed
861 2283 1099 2348 nonnumquam
1127 2266 1239 2350 fiebat,
1268 2276 1303 2334 ut
1331 2277 1363 2336 et
1384 2291 1449 2336 non
1471 2271 1582 2340 omnia

335 2383 394 2448 illa
416 2380 501 2445 dona
522 2376 761 2464 praeberentur,
784 2373 841 2440 sed
863 2373 958 2439 modo
981 2376 1041 2441 hoc
1062 2375 1157 2442 modo
1179 2378 1260 2444 illud
1282 2380 1480 2447 omitteretur
1500 2387 1535 2446 et
1549 2385 1583 2446 ut

335 2509 470 2556 munera
489 2488 620 2570 insuper
642 2485 792 2551 darentur
812 2485 887 2549 alia.
931 2485 999 2550 Iam
1021 2487 1093 2570 ipsa
1114 2489 1279 2572 exempla,
1307 2509 1391 2574 quae
1414 2497 1543 2575 extant,
1567 2508 1585 2556 e

336 2608 513 2683 temporum
536 2596 648 2662 ordine
671 2593 847 2660 accuratius
869 2614 1061 2663 enarremus.

421 2708 633 2782 Porsennae⁷t
662 2712 792 2772 senatus
819 2725 849 2772 a.
876 2709 1012 2783 246l508
1041 2706 1184 2772 decrevit
1211 2707 1296 2773 dona
1324 2727 1395 2776 esse
1427 2707 1584 2776 mittenda

337 2821 443 2900 (Dion.
467 2817 523 2899 IV,
547 2821 598 2894 54)
622 2816 717 2882 haec:
744 2812 867 2896 θρόνον
890 2812 1101 2902 ἐλεφάντινον
1123 2817 1144 2882 i.
1168 2837 1195 2884 e.
1218 2819 1333 2884 sellam
1355 2820 1504 2902 curulem,
1528 2815 1584 2884 καὶ

338 2931 505 3015 σκῆπτρον
526 2927 548 2991 i.
571 2946 597 2992 e.
622 2927 797 3010 scipionem
819 2927 1002 3008 eburneum,
1025 2924 1081 2992 aui
1103 2930 1266 3011 στέφανον
1287 2925 1423 3009 χρύσεον
1446 2932 1467 2996 i.
1483 2949 1510 2996 θ.
1534 2949 1584 2995 οο-
1682 2915 1683 2926 ¹

336 3059 448 3106 ronam
471 3056 610 3118 auream,
633 3036 686 3100 aci
710 3034 912 3120 θριαμβικὴν
935 3033 1065 3126 ἐσθῆτα
1086 3037 1106 3102 i.
1123 3057 1150 3103 e.
1173 3045 1293 3104 vestem
1315 3041 1582 3124 triumphalemb,

338 3142 398 3234 ὑφ’
423 3135 460 3234 ἧς
484 3146 515 3210 οἱ
537 3146 685 3228 βασιλεῖς
708 3143 915 3225 ἐκοσμοῦντο.
948 3147 1022 3213 Una
1036 3167 1107 3213 cum
1121 3148 1247 3234 imperii
1260 3149 1437 3232 insignibus
1452 3150 1583 3216 missam

338 3279 409 3328 esse
431 3273 579 3324 coronam
600 3276 740 3337 auream,
762 3255 915 3323 victoriae
938 3258 1074 3340 signum,
1096 3279 1161 3322 non
1184 3258 1325 3326 offendit.

410 3413 432 3476 1)
450 3409 493 3464 De
510 3407 620 3464 aedibus
637 3406 728 3462 liberis
754 3423 779 3462 v.
797 3422 881 3477 supra
897 3423 924 3476 p.
945 3412 984 3461 11.
1020 3406 1077 3462 Eas
1094 3411 1186 3464 antem
1202 3408 1287 3464 fuisse
1311 3409 1458 3464 instructas
1483 3423 1533 3479 per
1555 3423 1584 3464 se

338 3508 414 3574 patet
436 3503 500 3567 (biv.
523 3501 613 3566 XLII,
637 3502 686 3565 19).
730 3499 826 3569 Itaque
855 3505 929 3554 recte
946 3499 1096 3556 Weiskius:
1129 3497 1341 3557 consideratione
1366 3503 1530 3572 historiques
1557 3507 1583 3556 et

341 3595 544 3667 diplomatiques
563 3610 609 3648 sur
625 3595 665 3648 ies
683 3592 855 3647 ambassades
874 3593 920 3647 des
939 3593 1221 3656 Romainst.1834‚
1245 3611 1271 3664 p.
1290 3599 1322 3648 52
1341 3598 1356 3662 ξ
1374 3600 1406 3649 36
1433 3596 1497 3650 dicit
1513 3596 1581 3650 haec

341 3691 376 3754 „il
398 3707 414 3760 y
438 3705 455 3743 a
477 3687 553 3741 aussi
574 3685 620 3740 des
645 3687 779 3753 exemples
802 3701 853 3755 qne
875 3686 899 3740 le
922 3688 998 3740 senat
1016 3685 1131 3740 Romaiu
1154 3687 1185 3742 fit
1202 3687 1278 3742 louer
1295 3687 1342 3742 des
1360 3687 1445 3742 boreis
1461 3691 1582 3759 paruis.

341 3789 366 3848 2)
384 3801 409 3836 v.
427 3781 538 3850 Langii:
554 3779 586 3834 R.
605 3781 637 3831 A.
656 3780 689 3844 1³,
708 3783 765 3833 311.
792 3779 960 3834 Mommseni:
980 3779 1056 3834 Rom.
1074 3780 1188 3835 Staatsr.
1206 3780 1240 3846 11,
1261 3785 1282 3847 i,
1302 3785 1359 3834 485·
1438 3786 1463 3848 3)
1481 3781 1583 3850 θρόνος

340 3870 516 3944 ἐλεφάντινος
533 3872 654 3942 (Dionys.
673 3873 722 3939 III,
734 3877 776 3938 61)
795 3872 896 3943 δίφρος
913 3871 1088 3943 ἐλεφάντινος
1105 3873 1172 3938 (Pol.
1190 3871 1304 3934 XXXII,
1323 3880 1346 3928 5.
1363 3875 1434 3944 App.
1452 3875 1520 3930 Pun.
1542 3879 1583 3940 321
1680 3851 1681 3866 i

341 3969 408 4025 sella
432 3966 532 4022 curulis
555 3966 628 4046 regia
651 3966 720 4032 (Lis.
742 3967 763 4034 1,
787 3971 829 4031 20)
852 3965 919 4022 sella
942 3967 1061 4023 eburnea
1084 3967 1150 4032 (Lis.
1169 3965 1281 4030 XXVII,
1301 3969 1334 4032 4).
1369 3985 1392 4022 v.
1411 3967 1582 4025 Mommseni:

340 4061 418 4116 Rbm.
437 4059 551 4114 Staatsr.
569 4059 591 4126 1,
610 4063 666 4113 316.
744 4064 770 4126 dt
788 4059 877 4129 Scipio
895 4060 1027 4115 ebumens
1045 4060 1224 4127 (Mommseub
1249 4061 1327 4116 Rbm.
1346 4059 1459 4116 Staatsr.
1477 4062 1497 4128 L
1515 4067 1582 4128 3411.

341 4159 368 4221 5)
386 4172 409 4208 v.
426 4151 587 4207 Mommseui
604 4152 621 4204 l.
638 4168 660 4206 c.
680 4159 706 4206 et
723 4170 750 4221 p.
769 4157 827 4207 328.
914 4157 939 4218 6)
957 4154 1110 4224 Scipionem
1127 4170 1177 4209 sua
1195 4161 1291 4224 sponte
1307 4155 1374 4210 haec
1398 4148 1484 4224 ‘regia
1502 4148 1580 4209 dona’

341 4247 503 4302 Masinissae
521 4243 635 4311 dedisse,
655 4262 714 4300 eum
724 4245 816 4300 Livius
834 4249 928 4300 narrat
939 4246 1006 4312 (Liv.
1016 4247 1102 4313 XXX,
1113 4252 1154 4314 15)
1166 4262 1228 4302 eum
1241 4247 1308 4303 fines
1325 4247 1432 4316 imperii
1448 4262 1582 4317 egressum

341 4357 401 4395 esse
424 4341 508 4408 patet,
533 4337 625 4406 itaque
649 4353 758 4394 neeesse
777 4339 861 4394 inisse
878 4339 1025 4395 Masinissa
1048 4339 1150 4395 Romae
1173 4343 1289 4409 peteret,
1314 4345 1345 4395 ut
1368 4341 1471 4409 regium
1488 4355 1583 4396 nomen

343 4439 486 4502 ceteraque
504 4430 635 4487 beneficia
652 4435 679 4486 ct
696 4446 807 4486 munera
824 4432 957 4502 Scipionis
976 4437 1086 4490 senatus
1104 4433 1212 4490 decreto
1234 4434 1470 4498 confirmarentur,
1492 4435 1583 4490 Livius

245 4577 248 4592 ,
343 4524 430 4590 XXX,
450 4529 478 4578 11
501 4524 620 4579 tradidit.
717 4529 742 4590 i)
768 4525 821 4580 Per
841 4541 872 4580 se
893 4529 981 4594 patet,
1005 4526 1040 4581 ad
1064 4543 1096 4580 οο
1118 4531 1241 4596 tempora
1267 4527 1338 4581 hane
1364 4527 1582 4584 cousuetudinem

339 4617 523 4688 posteriorum
541 4622 691 4688 temporum
709 4618 743 4672 ab
768 4619 946 4687 scriptoribus
969 4619 1130 4674 translatum
1148 4635 1215 4676 esse.
1302 4623 1328 4685 8)
1349 4620 1401 4674 Est
1422 4625 1486 4690 toga
1508 4623 1581 4690 picta

342 4709 487 4777 tunicaque
504 4709 629 4778 palmata.
664 4729 688 4766 v.
707 4710 881 4767 Mommseui:
906 4711 982 4767 Rom.
1002 4712 1115 4768 Staatsr.
1133 4713 1155 4778 1,
1174 4717 1231 4768 319.
