3424 5296
796 981 966 1060 CAPUT
992 982 1080 1060 VII.

311 1171 368 1235 ΕΤ
393 1169 579 1238 SUMMUM
604 1169 918 1238 MAGISTRATUM
943 1170 1000 1235 ET
1021 1168 1234 1236 SINGULOS
1257 1168 1509 1238 SENATORES
1533 1171 1568 1237 A

453 1289 637 1356 LEGATIS
659 1288 796 1354 SAEPE
817 1287 1008 1354 PIIOUNIA
1030 1287 1135 1354 ESSE
1158 1287 1419 1356 OORRUP'IOS.

397 1474 462 1541 Sed
483 1494 548 1540 non
570 1475 673 1540 solum
693 1474 818 1558 publica
840 1475 926 1541 dona
946 1475 1045 1558 legati
1066 1475 1181 1540 afferre
1203 1476 1361 1556 solebant,
1383 1473 1442 1541 sed
1464 1475 1566 1542 etiam
1697 1491 1698 1530 1

229 1627 231 1633 -
307 1587 459 1670 priuatim
487 1591 519 1652 et
546 1585 685 1668 hospitio
714 1585 840 1670 privato
869 1585 1107 1652 coniunctorum
1141 1592 1324 1652 senatorum
1352 1583 1477 1651 animos
1505 1585 1567 1648 im-

312 1695 479 1780 pellebant
508 1704 539 1762 et
566 1701 674 1779 patres
702 1695 826 1762 nobiles
853 1696 1104 1778 auctoritateque
1132 1695 1327 1761 excellentes
1356 1697 1403 1773 (ut
1431 1701 1565 1761 senatus

311 1805 517 1890 principem),
547 1805 727 1888 quicunque
749 1813 850 1886 erant,
873 1805 1018 1890 pecuniis
1040 1805 1157 1871 dandis
1179 1823 1381 1889 corrumpere
1402 1805 1566 1871 conabau-

310 1924 376 1998 tur,
405 1922 441 1981 ut
466 1915 501 1980 in
530 1921 643 1982 senatu
672 1915 707 1980 in
734 1935 825 1981 suam
846 1919 983 1999 gratiam
1005 1915 1182 1981 sententias
1205 1914 1357 1983 dicerent.
1400 1915 1565 2000 Imprimis

310 2032 417 2092 autem
454 2045 526 2092 eum
559 2027 780 2109 magistratum
815 2025 868 2108 qui
906 2024 1085 2107 legationes
1126 2026 1160 2089 iu
1191 2031 1337 2091 senatum
1374 2024 1563 2110 introduxit,

312 2135 449 2220 pennula
482 2133 559 2201 data
589 2155 790 2202 commovere
823 2134 1014 2216 studebant,
1048 2141 1080 2202 et
1112 2143 1147 2199 ut
1180 2135 1240 2200 sibi
1274 2142 1403 2201 senatus
1437 2143 1564 2202 mature

312 2245 441 2332 daretur
477 2252 509 2312 et
544 2253 594 2328 ut,
639 2247 666 2312 si
702 2245 823 2313 multae
861 2245 1040 2329 legationes
1076 2245 1198 2311 Romae
1236 2246 1434 2326 adessentb,
1474 2246 1564 2329 prius

311 2375 407 2438 quam
436 2354 522 2421 aliae
550 2354 802 2422 admitterentur.
846 2357 897 2423 Ita
924 2356 989 2421 iam
1011 2353 1128 2421 Cineas
1150 2355 1264 2441 Pyrrhi
1292 2357 1418 2439 legatus
1447 2363 1479 2422 et
1500 2357 1564 2422 Ro-

310 2485 424 2530 manos
451 2464 594 2548 pecuniis
623 2473 655 2531 et
681 2487 790 2533 eorum
811 2466 961 2532 mulieres
983 2462 1103 2530 mundo
1125 2465 1272 2531 muliebri
1294 2465 1402 2532 dando
1425 2486 1565 2532 commo-

309 2594 387 2658 vere
407 2580 540 2641 donabis
563 2581 620 2656 est,
643 2573 698 2639 ἵνα
721 2573 750 2640 εἰ
772 2579 826 2640 καί
847 2598 933 2652 τινες
955 2581 1021 2639 τῶν
1037 2567 1165 2656 ἀνδρῶν
1181 2566 1373 2656 destupesco,
1399 2574 1434 2642 αἱ
1448 2585 1563 2658 γυναῖ-

310 2707 364 2760 κες
394 2679 502 2749 αὐτῶν
531 2693 602 2761 τοῖς
632 2684 769 2768 κόσμοις
798 2678 1069 2751 ἂποπεισθεῖσαι
1096 2677 1264 2760 κάκείνους
1289 2684 1564 2770 συνδιαφθεῖραι-

312 2796 410 2880 σιν’);
433 2793 507 2876 sed,
537 2814 620 2877 quae
643 2802 711 2861 erat
732 2795 773 2862 iis
793 2796 991 2879 temporibus
1012 2797 1226 2861 Romanorum
1249 2795 1461 2879 abstinentia,
1492 2798 1562 2864 eius

312 2905 399 2972 dona
426 2925 521 2971 nemo
550 2905 683 2990 accepit.
728 2904 793 2972 Sed
822 2905 927 2990 prisca
954 2905 1012 2970 illa
1039 2905 1252 2971 Romanorum
1281 2905 1381 2972 virtus
1409 2927 1475 2973 non
1505 2906 1562 2972 diu

311 3015 423 3082 valuit.
467 3015 620 3082 Ultimum
649 3015 776 3082 videtur
799 3015 898 3082 luisse
920 3016 1102 3101 exemplum
1124 3015 1355 3098 abstinentiae,
1385 3037 1448 3100 qua
1468 3015 1563 3082 floru-

312 3133 405 3192 erunt
425 3125 469 3190 M.
491 3125 647 3192 Aemilius
669 3125 828 3210 Lepidus,
851 3126 1001 3193 Pontifex
1022 3125 1182 3194 Maximus
1204 3133 1236 3193 et
1258 3132 1390 3194 senatus
1411 3129 1562 3212 princeps

311 3242 409 3319 atque
436 3236 472 3300 L.
495 3235 651 3302 Aemilius
673 3235 813 3302 Paullus.
857 3235 1003 3320 Charops
1025 3236 1111 3302 enim
1132 3237 1280 3321 Epirota,
1307 3257 1377 3302 cum
1399 3237 1433 3302 in
1455 3237 1562 3320 patria

310 3366 415 3413 rerum
443 3346 563 3430 potitus
585 3346 686 3411 multa
707 3347 829 3412 scelera
850 3347 1075 3430 commisisset,
1103 3347 1238 3412 Romam
1260 3367 1290 3412 a.
1313 3346 1450 3424 stelles
1471 3347 1562 3413 venit

311 3462 344 3523 et
365 3457 493 3540 assequi
515 3457 603 3542 apud
626 3461 771 3523 senatum
789 3461 923 3522 conatus
939 3461 996 3538 est,
1019 3461 1054 3520 ut
1069 3455 1176 3521 omnia
1191 3475 1273 3538 quae
1286 3455 1415 3523 fecisset
1429 3465 1561 3523 senatus

311 3568 456 3634 consulto
485 3568 777 3652 comprobarentur.
830 3566 920 3645 Quae
949 3571 983 3632 ut
1012 3563 1166 3648 efficeret,
1195 3567 1366 3650 plerosque
1395 3573 1562 3633 senatores

179 3717 181 3721 ·
310 3685 422 3763 aperte
450 3678 588 3762 pecunia
615 3677 823 3762 oppugnavit.
867 3676 932 3743 Sed
960 3695 1031 3742 cum
1060 3696 1100 3748 ea
1127 3675 1187 3742 viri
1214 3675 1262 3741 illi
1294 3677 1560 3743 abstinentissimi

310 3795 517 3870 cognossent,
547 3792 669 3852 tautum
698 3786 815 3869 abluit,
844 3794 880 3852 ut
908 3787 938 3852 ei
966 3807 1085 3854 morem
1116 3793 1281 3870 gererent,
1310 3794 1346 3854 ut
1366 3787 1463 3854 etiam
1487 3807 1559 3853 eum

311 3896 422 3963 domos
443 3898 562 3964 intrare
584 3902 730 3964 vetarent
737 3898 769 3975 ³).

396 4006 462 4074 Sed
483 4007 559 4073 inde
581 4028 602 4072 a
622 4007 818 4091 temporibus
833 4005 1092 4073 Gracchanorum
1113 4005 1301 4073 tumultuum
1316 4007 1560 4089 Iugurthinique

223 4117 229 4130 '
310 4117 389 4184 belli
411 4115 510 4182 animi
531 4115 694 4183 humilitas
714 4117 761 4183 ita
782 4136 893 4182 omnes
914 4117 1086 4197 invaserat,
1109 4123 1144 4180 ut
1164 4137 1194 4182 a.
1211 4117 1326 4194 coelet
1349 4117 1557 4184 constituere-

309 4237 360 4294 tur
382 4233 513 4296 senatus
535 4227 688 4308 consulto,
711 4227 753 4293 rie
768 4226 838 4310 quis
854 4223 1059 4293 Cretensibus
1074 4225 1243 4310 pecuniam
1265 4236 1406 4292 mutuam
1426 4226 1557 4310 daretb,

397 4484 420 4546 l)
443 4478 534 4534 Schol.
551 4478 619 4534 Bob.
636 4494 662 4547 p.
682 4481 731 4532 259
750 4493 788 4546 sq.
822 4495 847 4532 ι.
865 4477 940 4550 infra
961 4495 988 4548 p.
1007 4483 1048 4534 59.
1152 4481 1177 4544 2)
1201 4479 1258 4534 Liv.
1275 4477 1402 4546 XXXIV,
1427 4483 1449 4533 4.
1485 4476 1558 4530 Plut.

308 4571 404 4640 Pyrrh.
422 4571 522 4627 XVIII.
553 4571 647 4627 lustin.
667 4569 766 4638 XVIII,
785 4574 808 4624 2.
840 4571 989 4638 Zon.VIII‚
1002 4575 1026 4624 4.
1050 4571 1111 4626 Val.
1130 4569 1204 4626 Max.
1221 4571 1267 4640 IV,
1286 4576 1310 4626 3.
1331 4576 1370 4625 14.
1449 4573 1474 4636 ³)
1498 4569 1558 4624 Pol.

308 4664 423 4732 XXXII,
441 4669 479 4719 22.
549 4669 576 4732 4)
592 4665 655 4720 Aac.
674 4669 715 4720 et.
742 4662 850 4732 Langii:
869 4663 903 4718 R.
922 4663 958 4718 A.
976 4664 1023 4728 11²,
1041 4668 1099 4718 tro.
