3424 5296
664 301 873 364 ..17-

146 467 232 534 neris
254 466 385 533 foedera
406 466 551 533 divitates
573 485 735 550 regesque,
759 485 830 532 oum
843 467 1086 550 intellexissent,
1108 469 1321 563 Romanorum
1335 489 1391 552 po-

147 583 296 644 testatem
326 595 397 643 esee
425 583 563 659 tantam,
593 583 732 660 quantae
758 595 816 660 pro
844 576 964 644 viribus
987 577 1109 661 exiguis
1131 579 1278 644 resistere
1299 577 1389 644 nullo

146 686 242 752 modo
264 693 405 770 possent,
429 705 499 752 oum
514 687 665 754 Romanis
686 706 744 753 sue
766 693 880 770 sponte
901 687 1063 754 faciebant
1085 707 1185 770 eoque
1206 689 1267 754 ioto
1291 687 1390 754 efoe·

148 793 233 862 deris
255 795 362 862 verbis
382 795 484 880 liberi,
508 817 542 863 re
563 816 641 865 vera
663 797 711 864 sui
732 797 810 862 iuris
832 817 896 862 non
920 804 1019 864 erant.

157 987 159 994 Ι
234 904 269 971 0.
291 904 458 980 Βυουόυό’).

234 1015 269 1082 Si
298 1034 373 1082 vero
402 1015 472 1102 quis
501 1017 638 1100 populus
664 1016 698 1082 in
727 1017 814 1083 bello
843 1036 914 1083 eum
942 1016 1061 1101 populo
1084 1017 1228 1082 Romano
1249 1013 1390 1098 gerendo

146 1144 214 1190 non
236 1145 294 1191 sua
315 1131 431 1209 sponte
452 1126 549 1192 armis
573 1125 769 1207 dissesserat,
793 1125 851 1192 sed
872 1127 905 1191 vi
927 1125 1088 1210 cogendus
1102 1125 1205 1192 iuerat
1223 1125 1265 1192 ad
1280 1145 1392 1208 paoem

146 1233 346 1316 faciendam,
375 1254 433 1319 per
461 1235 656 1302 deditionem
684 1235 718 1302 in
746 1234 841 1302 fidem
870 1236 981 1320 populi
1009 1237 1145 1302 Romani
1178 1237 1328 1303 veniebat
1361 1243 1393 1302 et

147 1343 311 1411 acerrimis
340 1345 465 1428 legibus
493 1347 676 1428 tenebatur,
709 1366 803 1428 quam
826 1345 1045 1412 condicionem
1074 1352 1220 1414 edomate
1253 1346 1392 1429 explieat

147 1454 263 1539 Polyb.
286 1455 407 1538 XXVI,
432 1459 450 1519 2
479 1456 586 1522 verbis
615 1457 678 1523 his:
706 1450 752 1520 ‘oi
778 1454 838 1540 γὰρ
870 1452 1015 1531 διδόντες
1038 1449 1156 1531 olitoris
1180 1453 1226 1531 εἷς
1248 1452 1309 1541 τὴν
1324 1449 1393 1518 Ῥω·

146 1567 257 1644 μαίων
287 1563 471 1650 ἐπιτροπὴν
502 1563 633 1631 διδόασι
658 1566 791 1651 πρῶτον
813 1564 872 1648 μὲν
893 1562 1000 1648 χώραν
1022 1560 1080 1647 τήν
1103 1557 1314 1646 ὑπάρχουσαν
1334 1557 1393 1628 αὖ·

147 1676 222 1750 τοῖς
243 1670 298 1739 καὶ
321 1672 437 1751 πόλεις
458 1673 517 1752 τὰς
541 1675 573 1741 ἕν
595 1673 705 1761 ταύτῃ,
730 1674 789 1741 οὐν
812 1675 847 1740 δὲ
868 1673 999 1752 τούτοις
1021 1671 1142 1759 ἄνδρας
1163 1673 1218 1740 καὶ
1239 1683 1393 1758 γυναῖκας

146 1782 227 1860 τοὺς
257 1781 465 1870 dadolenae
493 1783 525 1852 ἐν
555 1787 593 1872 τῇ
621 1783 711 1872 χώρᾳ
739 1786 793 1850 καὶ
819 1793 893 1862 ταῖς
915 1782 1052 1851 πόλεσιν
1074 1779 1240 1862 ἅπαντας,
1271 1777 1394 1866 ὁμοίως

146 1891 338 1976 ποταμούς,
367 1895 518 1977 λιμένας;
548 1893 634 1981 ἱερά,
666 1893 809 1982 τάφους,
841 1894 1025 1983 συλλήβδην
1048 1891 1133 1960 ὥστε
1154 1893 1288 1960 πάντων
1311 1887 1395 1960 εἶναι

146 2007 282 2086 κυρίους
300 1999 486 2089 Ῥωμαίους,
510 1999 628 2083 αὐτοὺς
651 2005 687 2072 δὲ
708 2005 785 2083 τοὺς
805 2003 957 2082 διδόντος
980 2000 1095 2082 ἅπλῶς
1113 2001 1227 2091 μηκέτι
1245 2003 1393 2089 μηδενός.

144 2115 265 2198 Itaque
287 2122 431 2200 apparet,
455 2116 622 2184 dediticios
643 2137 707 2183 non
730 2116 833 2184 solum
854 2137 919 2182 non
941 2116 1059 2182 liberos
1081 2114 1193 2195 fuisse,
1216 2115 1274 2181 sed
1296 2116 1393 2181 etiam

146 2227 367 2292 Romanorum
389 2228 546 2293 voluntati
569 2234 729 2310 tamquam
752 2246 863 2293 servos
884 2227 1053 2293 subieotos.

225 2452 248 2502 lt
266 2463 290 2499 v.
309 2445 415 2514 Paulyi:
440 2445 609 2516 Realeneyol.
628 2449 647 2499 t.
667 2445 703 2510 H,
725 2462 752 2514 p.
770 2449 828 2499 888.
865 2443 975 2511 Langii:
1000 2444 1077 2498 Rdm.
1095 2444 1210 2500 Alterth.
1228 2444 1262 2508 1³,
1286 2445 1337 2498 324
1355 2457 1395 2510 sq.

147 2539 265 2606 Voigtii:
290 2538 339 2594 das
356 2539 398 2594 ius
418 2539 493 2594 civile
511 2544 530 2593 t.
549 2538 598 2604 Ill,
615 2556 642 2608 p.
662 2543 720 2594 265.
