3424 5296
682 328 892 388 ..21-

161 497 288 563 misisse
320 516 349 561 a.
378 495 416 561 U.
447 496 508 557 565
538 511 556 559 e
582 492 710 578 Polybii
743 493 923 560 testimonio
953 495 1080 578 (XXII,
1113 499 1143 573 8)
1173 503 1322 579 apparet,
1354 496 1412 562 sed

161 607 235 691 ipsa
267 605 398 672 nomina
430 605 607 686 legatorum
640 623 711 668 oum
744 604 777 668 in
807 603 969 672 codicibus
999 605 1181 672 oblitterata
1213 607 1276 672 sint
1308 613 1415 672 eertus

162 735 313 783 numerus
343 714 482 780 inveniri
513 733 578 778 non
611 719 726 796 petest.
779 713 845 780 Sed
874 714 963 780 aliud
996 715 1162 799 permagni
1190 715 1341 781 momenti
1371 735 1412 780 ex

164 847 202 893 eo
246 827 317 892 loeo
355 821 545 891 concludere
581 842 757 905 possumus.
816 822 895 890 Cum
931 825 1016 890 enim
1049 825 1177 910 Polybii
1213 825 1312 890 verba
1348 823 1414 890 sint

162 938 244 1004 haee
269 931 408 1017 ίὁμοίιος
434 983 440 997 .
466 983 472 997 .
498 982 504 996 .
529 982 535 996 .
564 929 754 1014 ἐξέπεμψαν
784 931 886 998 πάλιν
916 931 1121 1018 πρεσβευτὰς
1147 932 1193 1010 εἰς
1214 931 1271 1017 τὴν
1291 927 1410 1016 Ῥώμην

160 1039 442 1128 Ἀλέξανδρον
465 1041 521 1108 τὸν
537 1038 641 1107 ’Ίοιον
664 1040 920 1126 ἐπικαλούμενον
950 1044 1017 1109 καὶ
1042 1047 1241 1122 wuardes,
1265 1040 1338 1108 οὐν
1368 1041 1414 1110 δὲ

163 1154 336 1232 τούτοις
357 1155 376 1194 '¹‘
396 1149 454 1218 τὸν
473 1147 720 1236 Ἀμβρακιώτην
748 1155 803 1218 καὶ
824 1151 1023 1231 Λύκωνιον’,
1054 1173 1149 1236 quam
1170 1154 1310 1220 maxime
1331 1153 1412 1219 veri-

163 1267 268 1334 simile
292 1273 357 1348 est,
387 1265 421 1330 in
447 1263 508 1328 hae
529 1263 692 1346 legatione
713 1263 933 1330 Alexandrum
955 1269 987 1330 et
1008 1263 1191 1330 Phaeneam
1212 1263 1310 1328 fuisse
1332 1263 1415 1329 dues

164 1375 342 1460 prinoipes;
372 1392 454 1456 quae
475 1391 545 1438 oum
567 1371 614 1437 ita
636 1373 716 1456 sint,
739 1373 817 1438 mihi
841 1393 1026 1457 persuasum
1050 1380 1113 1454 est,
1138 1374 1313 1452 omnibus¹)
1334 1373 1412 1440 loeis

163 1487 198 1552 in
221 1486 334 1568 quibus
356 1484 397 1550 de
420 1482 543 1548 duobus
564 1481 701 1548 hostium
724 1483 839 1568 legatis
860 1483 979 1548 mentio
1000 1482 1064 1565 fiat,
1088 1502 1142 1550 eos
1164 1501 1236 1549 esse
1252 1482 1416 1567 prinoipes

166 1601 198 1661 et
221 1595 355 1660 aliorum
376 1593 511 1668 nemina¹
530 1611 601 1658 esse
632 1591 759 1660 omissa.
803 1593 958 1676 Iugurtha
966 1595 988 1670 ²)
1017 1613 1110 1674 vero,
1141 1613 1212 1658 eum
1234 1593 1278 1658 ad
1299 1611 1412 1677 paoem

163 1703 345 1772 iaeiendam
364 1710 428 1770 tres
450 1704 574 1785 legatos
589 1702 723 1770 Romam
745 1702 861 1784 mittat,
885 1704 993 1768 hostes
1015 1721 1139 1784 quoque
1160 1708 1267 1768 tornes
1289 1702 1415 1784 legates

165 1835 298 1898 quorum
320 1819 376 1878 aut
398 1812 544 1896 singuli³)
573 1819 628 1876 aut
655 1812 753 1890 uiuit
776 1813 876 1877 verba
897 1813 1058 1878 fatiebant
1080 1815 1214 1878 Romam
1236 1811 1279 1878 ad
1300 1831 1413 1896 paoem

164 1924 345 1992 faciendam
373 1921 500 1988 mittere
528 1921 637 1989 solitos
667 1941 754 2004 esse,
785 1943 850 1988 non
873 1924 943 1988 sino
964 1922 1030 1988 ulla
1051 1923 1286 2006 probabilitatis
1307 1923 1416 2006 speeie

163 2035 241 2100 lieet
262 2032 426 2117 suspicari.

165 2221 201 2287 d.
224 2218 367 2302 Legati
390 2217 631 2302 populorum
653 2217 720 2300 qui
742 2236 823 2282 eum
839 2217 1031 2283 Romanis
1050 2215 1289 2284 serietatem
1307 2217 1416 2284 inire

682 2325 891 2392 velebant.

251 2447 301 2513 De
328 2465 460 2512 numero
488 2445 666 2528 legatomm
695 2463 804 2510 earum
832 2444 990 2528 gentium,
1022 2465 1105 2528 quae
1127 2466 1186 2512 sua
1207 2452 1320 2528 sponte
1342 2415 1436 2510 eum=

165 2557 319 2622 Romanis
347 2555 531 2622 sotietatem
559 2551 641 2620 inire
670 2553 838 2636 volebant,
868 2573 939 2620 eum
968 2576 1066 2621 unum
1088 2555 1303 2621 testimonium
1326 2560 1415 2621 extet

165 2672 295 2747 eertum,
318 2665 455 2732 Iudaees
463 2668 485 2744 ⁴)
510 2685 539 2730 a.
556 2663 596 2731 U.
612 2666 673 2728 615
695 2663 820 2730 misisse
841 2664 885 2730 ad
907 2665 1019 2732 foedus
1040 2665 1198 2747 ioendum,
1221 2665 1414 2732 Numenium

166 2776 316 2842 Antioohi
338 2773 451 2858 tilium,
474 2775 715 2858 Antipatrumh,
738 2772 864 2840 Iasonis
885 2773 994 2858 filium,
1018 2773 1238 2841 Alexandrum
1259 2774 1414 2840 Dorothei

165 2885 247 2951 nihil
271 2887 347 2951 uerti
369 2885 511 2951 iudicare
533 2882 592 2950 sed
612 2890 721 2950 tamen
743 2884 898 2967 suspirari
912 2904 1089 2968 possumus,
1112 2884 1274 2968 apopulis
1289 2903 1414 2966 quoque

167 2995 351 3062 societatem
373 2995 557 3078 petentibus
579 3001 687 3060 ternos
709 2993 834 3076 legatos
856 2994 938 3060 mitti
960 2994 1071 3060 solitos
1093 3013 1173 3060 esse.

252 3106 291 3170 In
323 3107 428 3172 senati
460 3105 603 3172 oonsulto
634 3108 741 3170 autem
775 3103 816 3170 de
848 3103 979 3171 loedere
1006 3123 1078 3170 eum
1104 3102 1413 3188 Astypalaeensibus

165 3214 343 3292 iaoiendol)
372 3235 443 3280 oum
464 3233 559 3281 versu
581 3217 622 3280 46
642 3207 674 3276 ‘d
696 3209 914 3290 dooerelrtg’
938 3219 1215 3295 oommemoretur,
1243 3212 1320 3278 inde
1341 3233 1415 3278 oon-

166 3324 296 3391 oludere
320 3346 386 3390 non
407 3324 496 3404 lieet,
526 3342 617 3386 unum
646 3322 746 3390 luisse
774 3325 915 3407 legatum
944 3360 985 3371 -
1014 3324 1090 3406 quin
1120 3324 1216 3390 etiam
1245 3343 1339 3390 versu
1361 3327 1414 3389 48.

168 3434 287 3502 diserte
302 3435 416 3501 dieitur
437 3434 478 3499 de
502 3432 634 3516 legatis:
654 3427 745 3510 ‘soeg
766 3430 971 3518 πρεσβευτὰς
992 3427 1075 3516 ὑπὲρ
1097 3434 1157 3520 τῆς
1179 3427 1414 3514 πατρίδος’-

166 3543 226 3612 sed
255 3565 326 3610 eum
354 3545 452 3611 luisse
479 3541 650 3626 legationis
678 3543 865 3627 prinoipem.
894 3578 936 3588 —
964 3543 1045 3610 Item
1074 3543 1152 3608 mihi
1178 3541 1327 3608 videntur
1349 3543 1415 3608 due

165 3654 215 3719 illi
246 3655 361 3738 legati,
392 3675 523 3737 querum
552 3653 683 3719 nomina
710 3652 798 3736 apud
818 3653 1017 3737 Iosephum⁷)
1040 3653 1230 3734 efferuntur,
1259 3653 1415 3736 legationi

169 3763 359 3830 Iudaeorum
382 3764 552 3830 amioitiam
573 3762 695 3847 petenti
717 3763 905 3847 praefuisse.

238 3951 262 4012 1)
280 3947 337 4002 Pol.
356 3947 444 4014 XXII,
463 3951 479 4002 9
497 3947 558 4002 οο11.
578 3951 618 4000 12.
644 3945 732 4010 XXII,
751 3951 775 3999 7.
803 3943 915 4012 XXVII,
936 3950 957 3999 1.
984 3944 1112 4011 XXXIII,
1131 3952 1154 4000 5.
1224 3949 1248 4011 2)
1273 3945 1416 4022 ὃτῌ,,,11ς.

166 4039 293 4094 xxvru
361 4045 385 4104 a
403 4039 461 4096 1³01.
471 4039 559 4108 xxm,
569 4043 594 4094 s.
655 4042 681 4105 o
698 4038 847 4108 reeens
858 4038 997 4104 1.X111,s‚
1008 4043 1031 4092 a.
1050 4038 1189 4104 muas.
1207 4055 1230 4092 v.
1247 4013 1414 4093 mannes

166 4131 295 4199 XXVIII,
319 4149 347 4203 p.
365 4137 414 4188 586
433 4133 488 4199 (Fr.
505 4132 662 4189 Ritsohelii:
685 4131 744 4186 eine
761 4131 951 4200 Berichtigung
968 4131 994 4185 d.
1011 4145 1067 4200 rep.
1086 4130 1318 4196 Consularfasten)
1335 4129 1414 4184 Men·

167 4225 317 4281 delssohnii
333 4226 351 4281 l.
370 4243 393 4280 c.
413 4243 440 4296 p.
455 4231 501 4282 116
516 4243 556 4295 sq.
625 4229 651 4292 5)
668 4223 711 4278 Ita
727 4239 777 4294 pro
796 4224 916 4280 codicum
934 4224 1070 4292 scriptura
1085 4217 1256 4294 Ἀλέξανδρος
1272 4223 1413 4290 lugendum

167 4334 229 4374 esse
247 4335 307 4374 cum
323 4319 472 4374 Ritsehelie
498 4320 524 4386 (l.
544 4323 577 4386 e.)
599 4318 682 4374 facio.
769 4316 1086 4382 mulenellos.
1173 4321 1198 4384 1)
1215 4316 1321 4384 Ioseph.
1340 4316 1373 4370 A.
1390 4317 1413 4371 I.

166 4413 231 4479 XII,
251 4417 290 4478 10,
309 4418 324 4466 6
342 4411 403 4466 cell.
420 4412 441 4464 I.
475 4411 562 4467 Mace.
580 4411 654 4478 VIII,
672 4415 715 4466 23.
749 4409 855 4478 Ioseph.
873 4409 906 4462 A.
923 4409 943 4462 I.
962 4408 1038 4477 XIII,
1055 4413 1079 4476 5,
1098 4413 1113 4463 8
1132 4409 1191 4464 coll.
1209 4409 1230 4462 I.
1264 4407 1351 4462 Mace.
1373 4413 1412 4462 12.

165 4523 192 4561 u.
211 4505 271 4560 adn.
289 4509 315 4560 4.

649 4657 950 4666 ——-———-—-
