3424 5296
687 331 728 342 ...
772 298 898 362 35..

169 470 244 532 sunt
275 465 384 548 itaque
415 465 461 552 in,
482 465 592 532 urbem
624 466 744 532 intrare
770 467 805 531 in
834 483 936 548 eaque
964 465 1151 531 commorari
1179 473 1323 549 possunt.
1367 467 1418 533 Ita

169 573 481 658 Carthaginiensium
502 577 602 659 legati
624 595 653 642 a.
671 579 804 653 5531201
827 582 975 660 petentes
997 581 1033 640 ut
1052 574 1113 642 sihi
1136 581 1266 642 senatus
1288 575 1418 642 daretur

169 684 212 751 ad
233 703 335 750 novos
356 686 504 752 consules
525 685 636 752 reiecti
657 692 748 769 sunt,
778 684 836 777 sed
858 684 975 752 auditis
998 703 1079 769 pace
1101 684 1229 752 decreta
1250 686 1284 752 in
1306 687 1417 753 urbem

167 793 298 860 introire
320 799 444 860 etcum
466 796 588 863 civibus
610 796 675 863 suis
697 796 799 880 captis
821 796 960 879 colloqui
982 795 1080 862 licuit.
1113 795 1192 862 Cum
1214 801 1321 862 autem
1335 796 1418 874 (Liv.

167 905 278 986 XXX,
303 908 370 988 39),
401 912 570 989 postquam
593 905 906 990 Caahaginiensium
928 906 1028 988 legati
1050 907 1183 972 Romam
1205 905 1415 987 advenerunt,

168 1016 205 1080 L.
230 1015 379 1081 Veturius
407 1015 500 1080 Philo
529 1016 564 1082 in
594 1023 708 1083 senatu
738 1022 769 1084 et
796 1016 830 1082 in
858 1015 1007 1082 contione
1039 1015 1081 1081 de
1109 1015 1187 1082 belli
1215 1015 1298 1082 felici
1328 1015 1417 1082 exitu

167 1131 358 1208 exponeret,
390 1123 464 1190 dein
493 1126 743 1210 supplicationes
763 1125 797 1191 in
819 1125 958 1190 triduum
981 1125 1241 1207 decernerentur,
1270 1126 1345 1192 dein
1367 1147 1418 1193 oo·

165 1235 257 1301 mitia
277 1234 321 1302 ad
342 1235 499 1301 creandos
521 1237 727 1320 magistratus
748 1236 953 1318 haberentur,
977 1235 1053 1301 dein
1076 1235 1117 1301 de
1138 1236 1312 1320 provinciis
1333 1237 1417 1303 inter

167 1346 315 1412 consules
336 1345 377 1410 lis
399 1351 500 1426 esset,
523 1344 662 1430 denique
682 1346 782 1428 legati
803 1345 838 1410 in
859 1351 1006 1412 senatum
1026 1345 1318 1427 introducerentur,
1340 1354 1416 1414 ante

166 1462 314 1522 senatum
337 1454 447 1522 datum
469 1457 661 1540 permultum
682 1455 836 1539 temporis
850 1462 1071 1540 consumptum
1087 1474 1158 1522 esse
1171 1454 1307 1522 videtur
1337 1455 1416 1522 Cum

166 1571 274 1632 autem
288 1565 388 1649 legati
403 1585 483 1648 pace
497 1565 582 1631 lacta
596 1585 654 1650 per
668 1567 838 1650 plerosque
854 1563 922 1633 dies
936 1568 1058 1632 Romae
1079 1571 1247 1631 manerent
1262 1565 1337 1632 dein
1351 1587 1417 1632 una

166 1696 239 1741 oum
262 1676 373 1742 decem
394 1675 509 1759 legatis
531 1675 647 1742 adres
669 1673 867 1742 ordinandas
894 1676 1001 1743 missis
1025 1675 1068 1741 ad
1090 1673 1272 1758 Scipionem
1294 1674 1416 1762 profici-

166 1790 340 1867 scerentur,
364 1785 458 1852 nobis
472 1785 554 1852 haec
568 1785 676 1851 omnia
691 1785 965 1870 perpendentibus
980 1784 1294 1869 Carthaginiensium
1316 1787 1416 1870 legati

165 1895 292 1961 circiter
313 1915 371 1980 per
392 1895 507 1979 viginti
530 1894 599 1962 dies
620 1897 806 1962 commorati
829 1917 901 1964 esse
921 1896 1080 1964 videntur.

253 2005 343 2072 Idem
371 2006 437 2072 lere
465 2025 523 2090 per
550 2011 675 2088 tempus
698 2005 848 2072 Antiochi
876 2007 962 2089 regis
987 2007 1140 2090 legatos¹)
1168 2007 1290 2071 Romae
1318 2005 1416 2073 luisse

163 2116 341 2182 verisimile
374 2123 433 2182 est.
484 2115 545 2194 Qui
582 2135 653 2180 cum
686 2111 748 2202 ἤδη
780 2117 839 2200 τῆς
871 2121 1006 2200 θερείας
1040 2112 1251 2198 ἐνισταμένης
1282 2117 1415 2181 Romam

163 2247 194 2292 a.
218 2225 555 2307 ecolismensem,
578 2225 616 2292 L.
638 2225 788 2292 Aurelius
811 2226 903 2294 Cotta
925 2227 959 2294 in
981 2231 1094 2294 senatu
1115 2227 1267 2310 primum,
1297 2223 1416 2292 deinde

162 2336 199 2400 in
228 2335 377 2403 contione
403 2353 485 2418 quae
513 2340 586 2401 acta
613 2335 646 2400 in
670 2335 748 2402 Asia
770 2355 877 2427 Oflsent
898 2338 1060 2437 exposuit,
1085 2336 1202 2403 deinde
1224 2335 1415 2417 supplicatio

162 2447 198 2511 in
227 2444 367 2511 triduum
398 2445 526 2511 decreta
554 2451 621 2528 est,
651 2445 790 2528 denique
818 2445 918 2526 legati
946 2455 1020 2514 sunt
1040 2446 1152 2513 auditi.
1196 2446 1273 2512 Post
1294 2461 1414 2528 paucos

164 2554 236 2622 dies
258 2554 387 2622 foedere
408 2575 480 2620 oum
502 2554 660 2622 Antiocho
681 2555 765 2620 iacto
786 2555 886 2638 legati
908 2557 1058 2640 aderant,
1088 2577 1159 2624 oum
1182 2556 1292 2623 decem
1315 2555 1415 2638 legati

114 2753 119 2762 Ι
163 2670 366 2748 crearentur,
389 2671 486 2748 atque
508 2665 590 2731 adeo
612 2685 683 2731 oum
705 2666 744 2732 iis
767 2673 897 2732 senatus
920 2687 1075 2733 summam
1098 2685 1202 2732 rerum
1224 2685 1320 2748 quam
1342 2685 1415 2730 oon·

162 2776 267 2843 stituit
288 2795 359 2841 cnm
380 2775 497 2858 legatis
526 2775 780 2841 communicavit.
825 2776 973 2859 Denique
1003 2797 1073 2842 oum
1103 2775 1214 2843 decem
1243 2775 1359 2858 legatis
1380 2774 1414 2840 in

119 2949 123 2956 .
160 2885 275 2952 Asiam
296 2883 429 2969 profecti
451 2891 534 2952 sunt.

158 3089 204 3153 D.
228 3087 473 3171 Populorom
497 3088 564 3171 qui
586 3088 834 3154 societatem
857 3105 941 3152 oum
960 3087 1155 3154 Romanis
1176 3087 1283 3153 inire
1303 3086 1414 3152 vole·

335 3197 337 3204 '
656 3197 920 3281 bantlegafi.

249 3331 387 3415 Legatos
410 3333 567 3416 gentium,
598 3334 651 3416 qui
673 3333 717 3398 ad
737 3333 922 3399 societatem
943 3330 1124 3397 faciendam
1147 3337 1318 3413 venerunt,
1347 3337 1413 3397 tam

161 3441 220 3508 diu
242 3462 337 3525 quam
359 3443 513 3509 volebant
533 3445 654 3510 Romae
675 3461 807 3509 manere
828 3441 979 3524 potuisse,
1002 3459 1060 3524 per
1081 3459 1117 3506 se
1137 3446 1242 3523 patet3
1264 3439 1323 3506 sed
1341 3460 1413 3506 oum

161 3553 206 3619 de
228 3554 295 3619 eius
317 3553 403 3619 modi
425 3554 542 3636 legatis
564 3573 605 3621 ne
627 3573 724 3618 unum
747 3551 876 3634 quidem
898 3543 1114 3617 testimonium
1136 3555 1237 3630 extet,
1268 3551 1349 3616 nihil
1371 3551 1413 3618 de

159 3659 234 3746 ipso
256 3665 408 3747 temporis
430 3663 534 3747 spatio
556 3683 614 3746 per
636 3661 721 3744 quod
739 3663 861 3726 Romae
882 3660 1057 3726 manebant
1079 3659 1175 3726 statui
1196 3665 1313 3743 potest.
1346 3659 1412 3726 Sed

159 3773 325 3857 pertinent
353 3774 415 3838 huo
444 3794 527 3856 quae
553 3771 833 3838 Mendelssohnius
862 3771 1009 3855 exposuit
1035 3771 1070 3836 in
1091 3771 1180 3836 Actis
1207 3789 1269 3835 soc.
1299 3769 1412 3854 philol.

159 3884 341 3966 Lipsiensis
362 3884 601 3950 Ritsohelianae
623 3887 656 3962 (t.
675 3882 711 3946 V.
735 3904 766 3965 p.
792 3886 923 3964 litisq.)
947 3881 988 3946 de
1010 3879 1130 3945 Valerii
1152 3879 1285 3944 Maximi
1307 3880 1329 3944 l.
1346 3883 1410 3963 3‚3

159 3991 270 4058 verbis
291 3992 342 4058 his
364 4001 514 4076 ,praetor
535 3993 721 4076 peregrinus
743 3992 785 4057 M.
801 3991 926 4074 Popilio
943 3991 1087 4056 Laenate
1104 3983 1141 4055 L.
1158 3988 1331 4074 Calpurnio
1347 4010 1411 4056 cos.

158 4102 267 4170 edicto
290 4101 471 4170 Chaldaeos
498 4103 585 4168 intra
613 4102 769 4168 decimum
799 4100 883 4167 diem
911 4100 1001 4166 ahira
1028 4118 1069 4166 ex
1097 4099 1176 4166 urbe
1197 4107 1294 4183 atque
1315 4100 1411 4166 Italia

157 4213 254 4279 iussit
277 4259 360 4276 ....
382 4212 468 4278 idem
491 4211 620 4279 Iudaeis
650 4213 704 4294 qui
726 4211 843 4277 Sabaei
872 4211 959 4277 Iovis
986 4211 1072 4275 cultu
1094 4211 1254 4276 Romanos
1281 4207 1410 4276 inficere

157 4341 266 4388 mores
289 4322 393 4386 conati
417 4327 524 4404 erant,
553 4327 700 4406 repetere
730 4321 842 4386 domos
866 4340 940 4386 suas
962 4312 1078 4404 coegit'
1103 4323 1141 4386 A.
1164 4320 1249 4386 enim
1272 4318 1408 4396 615l139

157 4431 273 4499 Iudaei
297 4431 370 4508 (Ios.
389 4432 428 4498 A.
443 4433 469 4497 l.
492 4431 581 4514 XIV,
605 4436 633 4513 8,
651 4435 669 4494 5
691 4452 721 4496 v.
743 4428 985 4496 Mendelssohni
1006 4430 1028 4494 l.
1044 4433 1084 4509 c.)
1105 4428 1276 4495 amicitiam
1294 4431 1409 4496 Roma-

231 4655 253 4710 lt
273 4647 334 4704 Pol.
353 4647 441 4715 XXII,
462 4652 484 4702 1.
513 4648 571 4703 Liv.
589 4648 728 4714 mvn,
747 4652 789 4703 52.
1189 4730 1203 4760 a

1164 4735 1180 4784 3
