3424 5296
673 288 882 352 ..31-

148 457 269 539 affere,
296 455 433 539 quaein
456 455 538 522 cella
559 455 646 522 Iovis
668 453 841 539 Capitolini
863 461 999 540 ponant,
1029 454 1147 520 deinde
1169 474 1224 521 eos
1246 474 1266 519 a
1287 459 1399 520 senatu

147 573 280 652 petere,
310 573 345 632 ut
370 566 491 632 Romae
518 563 705 632 sacrificium
733 564 840 632 Iacere
867 566 979 644 Iiceat,
1009 564 1078 630 iure
1107 565 1255 630 concludi
1283 569 1398 646 potest,

148 675 216 742 iam
246 674 289 742 ad
318 695 374 742 eas
401 694 453 742 res
481 674 691 759 perficiendas
712 709 754 720 —
775 697 840 742 non
866 693 1121 758 unumquemque
1142 674 1228 740 diem
1250 673 1400 740 caerimo-

148 787 215 852 niis
237 786 304 852 iIIis
324 791 435 870 aptum
457 785 555 852 iuIsse
575 791 664 869 patet
685 819 726 832 -
749 794 874 869 tempus
896 785 983 851 baud
1004 785 1051 850 ita
1072 784 1169 851 breve
1184 783 1400 851 necessarium

146 896 260 964 fuisse.

239 1006 386 1088 Denique
413 1004 654 1098 Rhodiensium¹
671 1004 841 1088 legationis
868 1005 955 1070 illins
983 1004 1026 1070 ad
1054 1023 1166 1088 pacem
1195 1003 1401 1069 reconcilian-

149 1117 229 1182 dam
251 1117 367 1182 missae
389 1114 533 1181 condicio
556 1115 642 1198 quod
663 1115 705 1180 ab
728 1115 874 1181 omnibus
895 1115 968 1181 aliis
989 1134 1118 1198 prorsus
1140 1113 1306 1195 abhorret,
1334 1133 1400 1178 non

150 1225 336 1292 dubitamus
359 1245 429 1292 eam
452 1224 624 1308 separatim
645 1226 824 1292 accuratius
845 1231 1048 1310 pertractare.

238 1338 354 1402 Totam
382 1353 457 1401 vero
479 1334 607 1419 Polybii
615 1337 636 1412 ¹)
666 1335 861 1418 legationum
882 1334 1078 1401 Rhodiorum
1107 1335 1338 1418 expositionem
1368 1339 1400 1398 et

149 1446 328 1514 dilucidam
357 1464 428 1512 esse
456 1451 488 1510 et
516 1443 734 1527 dignissimam
763 1445 813 1510 cui
842 1444 1003 1528 credatur,
1036 1452 1140 1529 patet,
1168 1443 1227 1510 sed
1254 1463 1329 1508 num
1360 1441 1400 1508 de
1455 1493 1458 1502 .

150 1559 246 1624 Livio
275 1557 321 1623 ita
348 1553 482 1620 iudicari
510 1555 627 1638 possit,
656 1555 863 1622 vehementer
891 1555 1011 1622 dubito.
1055 1556 1125 1635 Quo
1146 1561 1256 1638 autem¹
1275 1552 1400 1618 facilius

150 1669 373 1750 intellegatur,
397 1665 523 1730 Livium
545 1664 714 1748 Polybium
737 1672 769 1732 et
790 1667 956 1731 annalium
978 1667 1148 1750 scriptores
1168 1666 1214 1730 ite
1235 1664 1341 1746 sequi,
1364 1667 1399 1726 ut

150 1799 217 1845 nou
240 1777 374 1858 dubitet,
397 1795 468 1840 cum
490 1781 587 1840 antea
602 1773 736 1859 Polybio
754 1795 830 1840 usus
845 1775 895 1856 sit,
919 1777 1022 1842 subito
1037 1777 1079 1842 ad
1094 1775 1230 1842 annales
1244 1772 1398 1862 refugere,

150 1897 218 1954 tum
245 1886 373 1971 regredi
402 1885 446 1952 ad
473 1903 622 1968 graecum
644 1884 780 1967 iontem,
808 1892 956 1952 accurate
978 1886 1212 1968 examinemus,
1241 1903 1323 1967 quae
1344 1901 1400 1948 ex-

152 1998 260 2083 posuit
282 1999 316 2062 in
338 1996 412 2061 Iibri
425 1993 544 2060 XLIV.
566 1993 670 2077 capite
684 1994 759 2060 XX.
782 1996 947 2078 usquead
969 2004 1073 2080 eaput.
1090 1995 1195 2062 XXV.
1219 1995 1305 2060 etin
1328 1993 1400 2058 libri

153 2108 252 2175 XLV.
276 2105 381 2190 capite
402 2105 459 2170 ΙΙΙ.
483 2103 524 2170 de
545 2103 741 2170 Rhodiorum
764 2106 934 2188 legatione.
968 2106 1071 2190 Caput
1092 2105 1185 2171 XIX.
1208 2112 1240 2170 et
1261 2104 1336 2194 XX.
1359 2121 1400 2168 ex

152 2218 289 2302 Polybio
313 2214 534 2298 depromptum
565 2233 635 2281 esse
663 2215 720 2281 sed
743 2215 868 2280 Liuium
899 2217 1162 2299 insequentibus
1193 2215 1236 2280 ad
1264 2213 1400 2278 annales

152 2328 216 2394 iam
246 2331 344 2392 antea
372 2323 536 2390 adhibitos
564 2325 750 2405 recurrisse,
780 2344 874 2408 quam
897 2325 1148 2392 luculentissIme
1170 2321 1400 2391 demonstravit

36 2440 41 2452 '
152 2417 357 2518 Nissenus'b3
385 2433 443 2500 sed
468 2442 503 2498 ut
533 2439 582 2500 est
609 2433 694 2500 Livii
721 2455 808 2516 mor,
837 2436 941 2502 subite
970 2439 1007 2516 (c.
1036 2437 1140 2518 XXV,
1164 2441 1194 2514 5)
1223 2431 1398 2517 ePonbio

152 2546 262 2612 adiicit
280 2544 411 2610 nomina
433 2543 604 2626 legationis
625 2543 805 2629 principum
827 2545 967 2638 quidque
989 2555 1094 2613 actum
1116 2548 1157 2613 sit
1178 2552 1251 2630 post
1271 2563 1399 2627 respon-

152 2675 221 2722 sum
242 2659 420 2738 acceptum.
452 2653 543 2733 Quae
564 2661 732 2738 postquam
754 2655 896 2737 inseruit,
918 2658 1103 2740 regrediens
1125 2657 1168 2722 ad
1182 2661 1313 2722 senatus
1327 2673 1399 2718 con-

153 2767 270 2831 sultum
302 2762 408 2846 addit,
440 2765 566 2830 senatui
599 2764 773 2848 placuisse,
807 2765 942 2832 Rhodiis
975 2766 1153 2850 praefectos
1186 2785 1204 2831 e
1236 2763 1336 2848 Lycia
1368 2768 1399 2828 et

154 2875 247 2942 Caria
270 2872 477 2940 deducendos
499 2893 579 2940 esse.
612 2872 771 2938 Claudiam
793 2882 900 2942 antem
922 2885 1082 2942 auctorem
1104 2876 1211 2959 inisse,
1233 2876 1297 2941 iam
1312 2893 1398 2939 anno

156 2987 290 3062 taenea
324 2990 454 3050 senatus
482 2985 658 3050 consultum
687 2984 823 3065 Iactum,
857 3005 919 3068 quo
947 2985 1046 3052 Caras
1078 2993 1110 3052 et
1136 2987 1252 3071 Lycios
1281 2984 1398 3050 liberos

155 3114 224 3162 esse
252 3096 428 3175 iusserunt,
457 3114 476 3160 e
497 3093 589 3159 Livio
613 3094 739 3176 (XLIV,
765 3099 814 3172 44)
843 3104 987 3181 apparet.
1032 3095 1183 3180 Polybius
1204 3101 1310 3160 autem
1333 3113 1398 3159 uon

156 3204 248 3271 modo
277 3203 405 3270 demum
433 3223 519 3270 anno
543 3206 677 3280 587I167
705 3206 765 3270 hoc
794 3203 955 3272 decretum
981 3206 1098 3272 factum
1128 3225 1199 3273 esse
1220 3205 1279 3272 sed
1301 3205 1397 3270 etiam

157 3321 299 3390 senatum
333 3314 443 3397 pauIIo
471 3313 537 3378 alia
566 3314 780 3396 constituisse,
811 3316 890 3382 loeis
917 3317 1124 3382 annotatione
1160 3321 1173 3379 1
1205 3314 1313 3379 allatis
1346 3331 1399 3378 ex-

157 3427 268 3508 posuit.
319 3423 440 3486 Vulerii
466 3430 572 3489 autem
594 3424 810 3492 narrationem
832 3425 929 3491 totius
951 3427 1035 3491 Livii
1057 3425 1265 3509 expositionis
1287 3422 1398 3488 funda-

157 3540 296 3602 mentum
319 3553 399 3616 esse,
422 3533 495 3600 ideo
518 3535 691 3600 verisimile
712 3533 847 3614 videtur,
870 3535 956 3618 quod
977 3537 1010 3600 iu
1032 3536 1177 3602 oratione
1191 3555 1212 3601 a
1226 3533 1397 3618 legationis

158 3643 300 3728 principe
320 3643 433 3708 habita
454 3648 492 3722 (e.
509 3644 617 3726 XXII,
635 3648 666 3720 2)
688 3645 779 3728 Lycii
802 3653 834 3710 et
856 3644 953 3712 (iares
975 3647 1008 3710 iu
1023 3645 1218 3712 Rhodiorum
1240 3649 1399 3727 potestate

160 3773 226 3820 ease
254 3753 411 3820 dicuntur.
454 3753 567 3836 Itaque
594 3755 628 3818 in
650 3755 819 3838 propatulo
842 3774 914 3822 esse
934 3755 1077 3838 videtur,
1105 3756 1139 3819 in
1161 3754 1274 3838 capitis
1295 3753 1397 3818 XXV.

50 3905 51 3914 ι
160 3863 357 3948 paragrapho
387 3862 499 3946 quinta
527 3883 627 3960 usque
654 3863 697 3929 ad
725 3871 848 3931 sextam
870 3865 953 3931 inter
975 3885 1010 3932 se
1031 3865 1195 3930 annalium
1219 3871 1250 3930 et
1272 3863 1399 3948 Polybii

160 3973 353 4039 narrationes
374 3974 583 4056 neglegenter
603 3973 776 4058 permixtas
799 3995 878 4041 esse.
907 3974 971 4041 Sed
992 3975 1069 4041 inde
1090 3974 1327 4058 aparagrapbo
1343 3973 1396 4037 VI.

161 4083 264 4150 Livius
285 4082 329 4148 ad
350 4081 518 4165 Polybium
541 4082 587 4148 ita
607 4085 753 4167 recurrit,
781 4091 816 4150 ut
837 4085 880 4152 ad
902 4085 1033 4153 verbum
1056 4085 1122 4152 iere
1143 4091 1248 4151 vertat
1255 4131 1264 4166 ,
1290 4091 1396 4148 tamen

161 4193 190 4257 in
211 4213 248 4260 eo
271 4192 406 4269 differat,
429 4192 515 4274 quod
529 4201 647 4278 namet,
670 4195 813 4263 Rhodios
827 4215 975 4262 coronam
991 4196 1064 4263 XX.
1082 4196 1215 4261 millium
1230 4211 1396 4259 aureorum
1518 4215 1520 4220 ·

162 4304 316 4379 misisse⁴l

211 4465 248 4526 i)
265 4461 322 4516 Pol.
340 4460 467 4527 XXVIII,
486 4464 560 4516 214.
579 4462 679 4527 XXIX,
698 4467 722 4516 4.
733 4468 756 4515 I.
773 4463 860 4532 XXX,
879 4471 903 4518 4.
974 4470 999 4532 2)
1016 4463 1171 4520 v.Nisseni:
1190 4461 1395 4530 Quellenunter·

165 4554 311 4621 sucbungen
327 4554 396 4610 uber
413 4553 455 4609 die
473 4558 496 4606 4.
516 4570 543 4608 ιι.
562 4561 585 4609 5.
603 4555 717 4610 Dekada
733 4556 780 4612 des
797 4556 890 4612 livius
911 4574 937 4627 p.
957 4563 997 4625 31,
1016 4562 1072 4611 274.
1143 4560 1168 4621 3)
1186 4556 1242 4610 LIv.
1260 4553 1344 4619 XLV,
1365 4558 1394 4607 14

169 4646 310 4702 etliisseni
327 4647 388 4704 adn.
459 4651 483 4713 4)
501 4646 560 4702 Hac
577 4649 610 4704 de
627 4663 657 4703 re
674 4666 697 4702 r.
716 4665 742 4718 p.
761 4654 793 4703 43
811 4649 873 4705 adn.
891 4649 917 4704 b.
