3424 5296
684 303 895 368 ..33-

586 485 621 557 0.
651 487 832 553 Hostium
855 488 992 572 legati.

251 621 387 686 Romani
410 639 481 686 cum
503 621 567 688 iam
581 623 808 706 antiquissimis
822 625 1017 708 temporibus
1032 625 1293 710 cognovissent),
1318 646 1413 709 quarn

83 797 88 806 ,
164 731 378 816 pchciosum
401 737 496 813 osset,
519 731 656 797 hostium
678 733 802 816 legatos
824 734 879 799 diu
894 735 978 800 circa
1000 736 1109 802 urbem
1125 743 1157 802 et
1171 736 1316 828 initalia
1331 757 1414 803 oom-

164 841 297 923 moraui,
326 841 361 906 in
388 861 508 908 morem
533 842 637 924 venit,
666 843 705 909 iis
727 843 865 910 hostium
888 845 1018 929 legatis,
1047 866 1179 929 quorum
1202 845 1414 931 115555515-

165 950 281 1017 eienda
295 951 492 1018 venientium
515 950 718 1020 condiciones
732 955 886 1021 Romanis
907 975 972 1020 non
990 955 1207 1039 convenirent,
1230 955 1414 1023 denuntiari

165 1071 286 1127 eertum
309 1061 409 1145 dlem‚
440 1083 503 1145 quo
531 1062 573 1128 ab
596 1063 684 1144 urbe,
708 1071 828 1130 certum
851 1085 912 1148 quo
933 1065 1031 1131 Italia
1053 1064 1254 1132 excederent.
1299 1065 1363 1132 Sed
1385 1067 1414 1132 si

164 1172 198 1236 in
222 1191 276 1237 cos
297 1171 495 1238 atrocissime
517 1181 549 1238 ct
566 1173 756 1254 gravissimo
770 1174 931 1257 agendum
946 1194 1018 1242 osse
1032 1176 1200 1259 putabant,
1223 1177 1413 1254 5555111511)

165 1301 221 1348 eos
244 1282 372 1364 quidem
393 1283 519 1350 senatui
540 1283 670 1367 placuit.

250 1393 343 1458 Pacis
365 1413 442 1460 vero
464 1393 705 1460 condicionibus
727 1414 791 1461 non
813 1393 952 1479 acceptis
974 1395 1089 1478 legatis
1111 1389 1286 1462 aodom'dic
1301 1397 1414 1462 urbem

164 1503 408 1586 relinquendam
437 1523 523 1583 esse,
554 1506 681 1570 ‘senatui
710 1523 836 1590 sempor
863 1505 993 1589 placuit.
1044 1505 1094 1570 Ita
1125 1503 1265 1582 Cioeoeh
1298 1504 1414 1590 Pyrrhi

164 1613 336 1696 legationis
364 1614 518 1698 principi,
547 1613 663 1698 legatis
687 1615 901 1693 Aetolorom⁴)
931 1635 961 1680 a.
986 1619 1120 1692 5641199
1151 1622 1183 1681 et
1210 1635 1239 1680 a.
1265 1617 1412 1695 5651189,

163 1725 305 1802 11555511)
328 1744 357 1789 5.
375 1727 521 1805 5831171,
544 1723 777 1803 Mithradates&
792 1745 822 1790 a.
838 1729 953 1803 664190
976 1725 1198 1792 denuntiatum
1220 1731 1278 1807 est,
1300 1725 1413 1790 urbem

164 1835 279 1902 eodem
308 1833 361 1901 die
387 1835 612 1917 relinquerent.
657 1833 722 1900 Sed
750 1855 816 1900 non
843 1837 946 1902 solum
968 1837 1086 1918 Roma,
1115 1834 1173 1902 sed
1194 1835 1266 1919 ipsa
1288 1833 1412 1912 Italia')

162 1945 204 2011 iis
233 1952 318 2011 certo
351 1946 503 2029 temporis
537 1945 640 2028 spatio
674 1945 894 2012 excedendum
922 1965 993 2013 essc
1021 1953 1151 2012 senatus
1177 1946 1318 2012 iubebat.
1362 1945 1414 2010 lta

163 2056 262 2121 Italia
293 2054 449 2122 excedere
481 2055 630 2121 iubentur
658 2056 841 2122 Aetolorum
849 2056 873 2140 ⁴)
907 2057 1007 2139 legati
1039 2055 1182 2122 missia.
1215 2057 1350 2130 5641199
1381 2061 1414 2122 et

163 2186 194 2231 a.
218 2168 354 2243 5651189
381 2165 467 2231 intra
489 2166 661 2250 quindecim
684 2165 769 2250 dios,
799 2167 959 2232 Perseia.
984 2169 1116 2245 5831111
1141 2165 1230 2230 missi
1251 2165 1335 2230 intra
1356 2185 1414 2227 aa·

164 2275 291 2352 decimu
326 2275 410 2353 dios,
444 2273 541 2341 ildcm
575 2275 687 2342 codem
720 2296 805 2341 anno
838 2278 926 2343 missi
954 2278 1039 2342 intra
1067 2274 1287 2359 5195515551)
1316 2274 1411 2340 diem.

164 2385 377 2470 Iugurthac¹⁰J
400 2390 506 2451 autern
523 2385 620 2468 legati
639 2405 708 2450 cum
724 2387 857 2451 Romam
873 2386 1094 2468 adventarent,
1114 2391 1244 2452 senatus
1260 2384 1412 2468 decrevit,

164 2496 197 2559 ni
226 2515 359 2578 regnum
387 2496 555 2578 ipsumque
584 2493 727 2560 deditum
750 2497 915 2562 venissent
936 2497 982 2562 uti
1004 2497 1037 2560 in
1061 2495 1173 2561 diebus
1194 2495 1349 2579 proximis
1370 2495 1412 2561 X.

163 2607 263 2672 Italia
284 2605 485 2671 decederent.

251 2715 341 2796 Quae
363 2735 434 2781 cum
456 2716 502 2782 ita
523 2715 596 2798 sint,
618 2715 653 2781 in
668 2717 851 2784 universum
865 2715 1008 2781 iudicare
1023 2715 1105 2798 licet,
1129 2719 1274 2781 senatum
1289 2715 1414 2797 legatos

163 2845 246 2911 pace
266 2825 385 2892 inlecta
408 2825 556 2893 dimissos
578 2825 718 2906 iussisse,
741 2826 854 2894 codem
877 2825 930 2892 die
950 2826 1038 2908 urbe,
1061 2826 1145 2890 intra
1160 2823 1321 2907 quoddam
1336 2832 1414 2891 tem-

163 2936 252 3020 poris
273 2935 412 3020 spatium
435 2941 485 3016 (eo
507 2935 643 3020 brevius,
667 2957 728 3020 quo
750 2937 854 3020 magis
875 2937 975 3002 iratus
996 2934 1056 3000 fuit
1077 2938 1218 3014 sanatus)
1239 2935 1335 3001 ItaIIa
1357 2952 1414 3001 ex·

164 3045 290 3112 cedere.
322 3047 412 3121 Ea¹¹l
426 3046 522 3129 igitur
537 3053 683 3112 senatum
700 3047 879 3114 decuchsse
895 3046 1067 3112 verisimile
1083 3052 1132 3112 est
1147 3044 1187 3112 de
1202 3045 1318 3128 legatis
1332 3065 1413 3130 pace

161 3155 283 3222 infecta
310 3155 463 3224 dimissis:

164 3265 356 3332 Samnitium
378 3287 408 3332 5.
431 3270 567 3344 4591394
590 3268 671 3340 (Lis.
695 3267 754 3350 IX,
778 3271 841 3349 45),

164 3377 347 3442 Insubrium
368 3397 398 3442 a.
421 3379 557 3454 5322222
581 3377 660 3455 (Pol.
683 3377 725 3459 ΙΙ,
749 3379 810 3455 34),

165 3483 478 3569 Carthaginiensium
500 3506 530 3550 5.
554 3489 689 3562 5511193
714 3488 795 3566 (Liv.
818 3488 927 3565 XXX,
952 3491 1014 3568 13),

238 3659 261 3719 1)
278 3653 337 3708 Liv.
355 3653 390 3721 11,
409 3659 432 3722 3,
451 3659 475 3710 4.
507 3655 575 3708 ch.
592 3654 667 3718 VIII,
684 3659 708 3708 4.
737 3655 807 3710 Tota
824 3655 857 3710 de
874 3670 903 3710 re
921 3672 944 3709 v.
962 3653 1034 3708 infra
1051 3669 1078 3724 p.
1096 3659 1138 3708 55.
1208 3654 1233 3716 2)
1251 3652 1308 3707 Pol.
1326 3651 1413 3706 XXII.

166 3753 207 3803 11.
235 3745 364 3814 XXXIII,
386 3752 410 3802 5.
445 3747 505 3802 Liv.
532 3747 618 3816 XLII,
642 3751 683 3801 48.
719 3747 814 3817 Itaque
832 3747 989 3803 Carthaloni
1016 3745 1244 3814 Carthaginiensi,
1270 3745 1413 3814 legatlonis

164 3840 352 3896 Romanorum
369 3841 442 3910 apud
451 3841 558 3899 Cannas
573 3843 715 3910 captorum
731 3841 856 3910 principi,
867 3821 953 3894 'lictor
971 3845 1012 3894 est
1025 3839 1131 3894 obviam
1148 3839 1254 3905 missus,
1273 3839 1319 3907 qui
1328 3838 1414 3892 dicta-

163 3933 234 3990 toris
250 3935 331 3988 verba
347 3935 494 4000 nuntiaret,
511 3939 543 3988 ut
560 3940 623 3988 ants
640 3938 747 3992 noctem
764 3917 1020 3988 excederet‘finibus
1034 3932 1171 3987 Romanis.
1190 3931 1257 3996 (Lis.
1269 3931 1358 3999 XXII,
1372 3937 1414 3986 58.

165 4027 531 4094 05551115515351111.)
566 4051 571 4066 ·
632 4030 658 4094 3)
676 4027 748 4096 App.
766 4027 837 4109 Sam
858 4032 896 4080 19.
932 4026 1002 4080 Plut.
1021 4026 1115 4095 Pyrrh.
1137 4029 1176 4080 19.
1212 4026 1278 4081 Zon.
1296 4025 1370 4091 VIII,
1389 4029 1414 4079 4.

164 4120 240 4176 Flor.
258 4121 329 4186 Ι,18.
353 4119 570 4190 aucupum.
592 4138 617 4175 v.
635 4119 849 4178 Niebuhri'hist.
866 4120 943 4174 Rom.
962 4119 1010 4182 111,
1029 4124 1078 4174 563
1097 4119 1158 4174 adn.
1178 4123 1235 4174 844.
1254 4117 1416 4174 Mommseni

164 4213 229 4267 hist.
248 4213 325 4268 nom,
342 4213 364 4278 1,
382 4219 440 4268 ror.
509 4215 739 4280 55515151.
764 4215 821 4286 niv,
840 4213 979 4278 mvn,
996 4219 1016 4267 r.
1040 4212 1181 4278 xxxvn,
1199 4196 1253 4267 ros
1310 4215 1334 4274 5
1353 4209 1412 4264 55.

164 4305 280 4368 XXVII,
299 4311 322 4360 1.
360 4307 580 4374 uiaticum.
608 4311 678 4378 App.
697 4308 743 4374 IX,
762 4305 813 4362 ἐκλ.
833 4311 857 4371 9,
876 4313 900 4361 5.
925 4305 1057 4372 ZoulX,
1076 4311 1117 4360 11.
1195 4309 1221 4370 6)
1240 4305 1314 4360 Cass.
1333 4303 1413 4358 Dion.
1464 4325 1473 4342 ³

164 4399 347 4463 15991115.
416 4405 442 4469 1)
459 4401 527 4456 Item
543 4401 659 4457 Perseus
677 4401 771 4470 legatis
789 4400 918 4456 Romanis
936 4415 962 4456 5.
981 4401 1090 4467 5811111
1108 4397 1257 4467 Imperavit,
1275 4401 1307 4450 ut
1323 4397 1413 4452 triduo

164 4492 243 4561 regni
260 4493 303 4548 sui
320 4495 481 4550 excederent
497 4493 604 4550 finibus.
692 4499 716 4551 8)
737 4493 795 4548 Idu.
813 4492 899 4561 xum
918 4497 960 4548 56.
1048 4497 1074 4554 9)
1097 4491 1154 4546 Ρ51.
1172 4489 1286 4554 XXVII,
1305 4495 1328 4544 1.
1355 4489 1413 4544 Lis.

164 4586 252 4650 XLH,
270 4592 312 4642 48.
338 4588 409 4658 App.
426 4587 475 4655 IX,
494 4593 517 4643 1.
543 4588 609 4643 Zon.
626 4586 674 4652 IX,
693 4592 734 4642 11.
805 4591 846 4651 19)
865 4586 929 4642 Sall.
946 4586 1003 4656 lug.
1022 4589 1062 4640 18.
1139 4585 1180 4649 11)
1197 4582 1293 4638 Italiae
1309 4583 1413 4638 incolas

164 4680 254 4735 iussos
272 4695 328 4735 non
345 4696 405 4739 esse
422 4681 502 4736 Italia
520 4681 656 4748 decedere,
674 4696 724 4751 per
741 4695 771 4737 se
787 4683 871 4750 patet.

1195 4765 1209 4816 3
