3424 5296
813 269 1022 330 ..20-

295 441 390 506 tionis
420 438 582 523 principes
612 441 643 500 et
671 435 705 498 ln
728 434 823 500 dubio
845 433 1046 517 relinquitur,
1076 440 1152 517 quot
1173 433 1270 516 legati
1292 434 1356 500 sint
1376 435 1474 502 missi.
1497 469 1544 480 -

298 550 377 615 (lum
398 569 474 616 vero
498 546 538 612 de
559 545 654 611 rebus
675 545 873 626 gravissimis
893 552 1054 628 ageretur,
1077 543 1144 610 fieri
1165 543 1284 627 potuit,
1308 550 1343 610 ut
1363 545 1544 628 legatorum

295 678 445 725 numerus
476 659 654 738 augeretur.
699 655 749 720 Ita
777 655 946 738 Saguntini
955 658 975 732 1)
1004 655 1047 719 ad
1075 653 1302 736 gratulandum
1331 655 1450 738 populo
1478 657 1544 720 Ro-

297 789 393 834 mano
422 767 463 832 de
491 765 578 830 bello
599 764 719 828 Punico
741 763 880 829 secundo
909 765 1045 830 feliciter
1073 762 1116 828 ad
1137 762 1232 830 finem
1254 763 1407 847 perducto
1437 764 1543 828 dacem

295 880 430 960 legatos,
452 875 613 940 maximae
628 873 792 956 dignitatis
807 874 962 954 homines,
984 875 1118 938 Romam
1133 874 1296 954 miserunt,
1313 873 1397 956 quod
1412 881 1545 958 propter

295 988 382 1070 ipsos
398 985 592 1069 Saguntinos
614 983 732 1049 bellum
754 983 835 1048 illud
857 984 1158 1068 periculosissimum
1172 983 1310 1049 Romani
1324 993 1543 1068 susceperant.

296 1095 449 1163 Similiter
466 1095 682 1176 Locrenses2),
706 1113 776 1158 cum
799 1094 876 1158 socii
898 1093 974 1158 iacti
995 1093 1080 1176 apud
1099 1100 1207 1177 patres
1230 1093 1399 1176 deplorare
1420 1095 1545 1160 vellent

295 1205 437 1284 iniurias,
460 1203 573 1286 quibus
588 1201 787 1268 afficerentur
802 1223 822 1268 a
835 1202 996 1286 praesidio
1010 1204 1155 1270 Romano
1170 1204 1279 1268 Locris
1293 1203 1414 1285 reIIcto,
1438 1204 1545 1268 docem

295 1317 420 1398 legatos
442 1316 575 1378 Romam
604 1313 774 1394 miserunt,
805 1333 866 1396 quo
895 1312 995 1378 maior
1023 1313 1231 1392 accusationi,
1262 1331 1344 1395 quae
1372 1311 1416 1378 ad
1437 1313 1545 1396 ipsum

297 1425 479 1508 Scipionem
506 1423 666 1507 pertinere
695 1429 816 1506 posset,
851 1422 900 1488 vis
933 1429 965 1490 et
996 1421 1122 1506 pondus
1143 1422 1274 1504 gravius
1295 1421 1470 1488 accederet.
1501 1459 1542 1468 -

300 1533 456 1614 Quattuor
482 1540 589 1602 autem
623 1534 762 1616 legatos,
795 1551 865 1597 oum
897 1533 984 1598 solus
1012 1532 1195 1616 Iosephus³I
1224 1551 1244 1596 a
1272 1530 1400 1598 ludaeis
1428 1533 1545 1599 missos

298 1651 521 1710 commemoret
549 1645 636 1724 loco,
665 1661 758 1725 quem
787 1649 967 1726 suspectum
996 1661 1067 1708 esse
1089 1640 1355 1707 Mendelssohnus
1383 1650 1468 1709 recte
1496 1645 1545 1708 ln-

297 1753 436 1836 tellexit,
465 1754 493 1819 is
522 1772 671 1818 numerus
700 1751 947 1834 haudquaquam
976 1757 1079 1818 oertus
1101 1769 1172 1818 esse
1192 1749 1328 1818 videtur.
1374 1749 1544 1838 eriaquc⁴)

297 1883 373 1930 vero
401 1864 525 1946 legatos
553 1883 573 1927 a
594 1862 688 1928 sociis
710 1863 809 1928 semel
830 1862 985 1928 iterumve
1007 1881 1078 1928 esse
1099 1862 1230 1940 missos,
1261 1863 1374 1926 misum
1396 1881 1460 1928 non
1483 1870 1543 1946 est,

299 1972 384 2056 quod
411 1973 445 2038 in
473 1973 589 2056 legatis
617 1972 780 2040 mittendis
802 1993 867 2037 non
889 1971 930 2037 de
951 1971 1075 2054 legibus
1098 1971 1192 2038 certis
1213 1969 1372 2052 firmisque
1395 1971 1452 2038 sed
1474 1971 1544 2038 solo

300 2082 340 2148 de
362 2102 430 2160 usn,
453 2101 545 2164 quem
569 2081 690 2149 violare
712 2082 803 2148 neias
824 2102 888 2146 non
912 2088 968 2164 est,
991 2100 1093 2147 sermo
1117 2100 1187 2147 esse
1209 2085 1324 2164 potest.

712 2301 748 2366 Β.
778 2299 923 2383 Legati
949 2299 1133 2367 hostium.

384 2452 464 2518 (lum
486 2454 520 2518 in
541 2454 710 2537 propatulo
732 2454 782 2534 sit,
805 2452 891 2518 bello
913 2471 933 2517 a
954 2452 1073 2536 populo
1087 2453 1231 2518 Romano
1254 2453 1354 2520 victos
1372 2454 1416 2519 ad
1429 2474 1545 2539 pacem

299 2562 479 2629 faciendam
501 2565 636 2629 Romam
664 2583 728 2628 non
755 2563 949 2646 legationem
977 2562 1094 2645 speciei
1121 2561 1311 2645 magnificae
1338 2570 1370 2628 et
1397 2565 1546 2631 excelsae

299 2673 433 2756 misisse,
456 2673 543 2739 haud
564 2674 610 2740 ita
630 2693 782 2757 magnum
803 2691 969 2738 numerum
993 2673 1170 2754 legatorum
1193 2679 1423 2756 exspectamus.

386 2781 613 2859 cretensiumq
647 2803 724 2850 vero
755 2781 874 2866 legatio
902 2780 946 2846 ad
973 2788 1118 2848 senatum
1146 2781 1187 2847 de
1216 2802 1296 2865 pace
1324 2785 1548 2867 componenda

300 2913 329 2958 a.
351 2893 388 2960 U.
405 2897 466 2960 685
488 2894 587 2961 missa
608 2914 663 2960 our
683 2894 815 2976 triginta
836 2892 999 2957 hominum
1020 2891 1124 2972 fuerit,
1146 2891 1306 2958 Diodorus
1327 2893 1397 2976 ipse
1419 2901 1548 2961 enarrat

300 3003 367 3084 his,
388 2997 434 3067 ‘oi
456 3002 679 3086 πρεσβύτατοι
707 3003 761 3068 καὶ
792 2998 953 3088 φρονήσει
975 3001 1187 3086 διαφέροντες
1210 3000 1441 3086 συνεβούλευον
1463 3007 1548 3088 πρέ-

304 3117 395 3194 σβεις
418 3109 597 3192 ἐκπέμπειν
622 3113 668 3190 εἷς
689 3111 747 3198 τὴν
759 3109 878 3197 Ῥώμην
900 3109 955 3177 καὶ
976 3109 1140 3196 περὶτῶν
1164 3109 1413 3197 ἐπιφερομένων
1435 3113 1548 3198 ἐγκλη-

301 3217 414 3302 μάτων
433 3213 679 3306 ἆπολονεῖσθαι
697 3220 752 3288 καὶ
769 3223 958 3307 πειρᾶσθαι
971 3219 1029 3306 τὴν
1045 3218 1221 3306 σύγκλητον
1238 3215 1420 3306 εὐγνώμοσι
1435 3222 1547 3307 λόγοις

301 3327 357 3394 καὶ
380 3326 529 3417 δεήσεσιν
559 3329 801 3410 ἐξιλάσκεσθαι.
846 3330 1012 3414 Διόπερ
1042 3329 1240 3397 ἀπέστειλαν
1271 3331 1318 3410 εἰς
1345 3331 1402 3420 τὴν
1425 3329 1548 3418 Ῥώμην

301 3438 526 3525 τριάκοντα
544 3439 1549 3527 πρεσβευτὰςτοὺςἐπιφανεστάτοσςέἒνδρας.-

301 3586 344 3596 -
372 3551 437 3616 Sed
465 3551 506 3618 de
534 3553 603 3636 ipso
631 3573 762 3620 numero
790 3553 967 3636 legatorum
1000 3551 1137 3618 hostium
1171 3553 1354 3621 testimonia
1385 3575 1549 3640 perpauca

302 3667 427 3746 extant3
457 3664 588 3729 Aetolos
617 3663 701 3728 enim
730 3664 904 3747 permultos
932 3661 1056 3743 legatos
1077 3663 1211 3730 Romam
1236 3665 1277 3731 de
1299 3683 1378 3749 pace
1399 3663 1550 3732 lacIenda

302 3899 408 3964 tempus
433 3897 576 3952 enucleare
596 3912 651 3951 non
672 3911 765 3966 posse,
787 3895 902 3950 libenter
926 3894 1063 3950 confiteor.
1098 3897 1140 3951 Dc
1158 3897 1221 3953 Soto
1239 3898 1272 3954 de
1287 3899 1547 3970 Astypalacensibus

304 3987 657 4055 (0.1.cr.11‚‘n0,rrss
681 4005 718 4044 us.
737 3993 780 4056 46)
798 3993 825 4043 et
842 3987 900 4041 Lis.
919 3987 1005 4054 XLII,
1023 3993 1047 4054 6,
1065 4005 1088 4044 v.
1106 4005 1133 4058 p.
1152 3997 1184 4045 49
1203 4007 1225 4045 e.

374 4086 396 4147 1)
415 4079 473 4134 Lir.
488 4081 614 4148 XXVHI,
625 4087 666 4136 39.
735 4085 760 4147 2)
778 4082 835 4136 Liv.
848 4081 947 4146 XXIX,
960 4087 997 4134 lt.
1068 4086 1093 4146 3)
1111 4081 1161 4137 Ios.
1174 4084 1206 4137 A.
1225 4083 1246 4136 I.
1264 4083 1335 4150 XIV,
1350 4089 1387 4150 10,
1401 4089 1438 4146 10,
1456 4101 1481 4156 p.
1496 4089 1546 4140 238

302 4174 388 4228 Bekk.
425 4191 448 4228 v.
466 4173 680 4229 Mendelssohni:
708 4174 800 4229 Sensti
824 4173 953 4229 Consulto
975 4174 1148 4229 Romanuin
1171 4175 1224 4231 Ios.
1248 4176 1358 4246 Antiqu.
1384 4193 1411 4246 p.
1434 4181 1484 4232 246
1506 4193 1548 4249 sq.

303 4266 371 4321 (lum
388 4281 449 4322 vero
467 4268 539 4338 apud
556 4267 699 4336 Iosephum
716 4267 886 4338 paragrapho
909 4267 1059 4338 Insequenti
1082 4267 1137 4324 siut
1157 4269 1225 4324 haec
1245 4267 1366 4338 ’ἔπεμψε
1388 4267 1417 4322 δὲ
1440 4266 1549 4322 τούτων

300 4356 433 4428 Ὑρκανὸς
454 4363 509 4412 τῶν
531 4363 704 4430 πρεσβευτῶν
725 4357 773 4412 ἵνα
794 4359 839 4412 καὶ
863 4356 932 4428 πρὸς
952 4360 1116 4429 Δολοβέλλαν
1140 4358 1187 4430 sq.'
1212 4363 1264 4429 ito,
1291 4363 1315 4416 si
1340 4363 1429 4417 locum
1452 4378 1550 4418 sanum

304 4466 364 4507 esse
380 4457 520 4522 putamus,
545 4455 602 4509 eius
620 4453 725 4508 numeri
741 4454 811 4508 ratio
828 4453 980 4508 luculenter
1001 4454 1171 4523 perspicitur.
1257 4459 1283 4520 4)
1300 4454 1360 4509 ΡοΙ.
1378 4455 1502 4520 XXXVI,
1525 4461 1548 4512 I.

303 4544 357 4598 Ios.
374 4545 407 4597 Α.
424 4545 445 4598 Ι.
463 4545 534 4610 XIV,
556 4553 594 4614 td,
613 4551 654 4612 22,
671 4563 697 4616 p.
716 4549 765 4600 243
783 4545 869 4600 Beklr.
895 4563 918 4599 v.
936 4544 1147 4602 Mendelssohni:
1167 4547 1231 4602 Sota
1246 4547 1323 4603 Rom.
1335 4563 1374 4617 sq.
1392 4564 1417 4618 p.
1428 4553 1476 4602 217
1487 4565 1548 4618 sqq.

305 4641 330 4703 5)
348 4636 426 4692 Diod.
445 4637 503 4703 XL,
525 4644 546 4693 1.
573 4656 596 4693 v.
614 4638 726 4708 Langii:
744 4638 822 4693 Rom.
840 4639 893 4693 Alt.
911 4638 959 4704 III,
978 4642 1036 4692 204.
