3424 5296
669 320 879 382 „51-

150 490 303 556 rellarum
324 487 427 569 turba,
450 506 533 569 quae
555 486 584 552 ei
606 483 794 552 refutandae
816 493 917 568 erant,
940 485 1069 553 contuso
1091 486 1303 571 permiserunt
1318 504 1401 552 oom-

151 599 231 666 moti
260 597 329 666 eius
356 595 518 680 tirocinio,
551 605 586 661 ut
614 595 684 680 ipse
711 597 860 663 recitaret
889 596 930 664 de
958 597 1234 680 commentariolo,
1264 615 1401 680 quoma

151 717 245 795 patre
272 727 309 776 se
335 707 499 792 accepisse
527 711 657 790 rogatus
688 704 822 789 diceret,
852 705 930 773 inde
959 705 1104 772 concludi
1130 706 1264 790 cogique
1285 711 1400 790 potest,

151 818 269 903 legatis
290 816 425 886 recitare
453 837 472 883 e
500 816 617 901 scripto
638 837 704 882 non
724 816 868 898 licuisse,
898 816 957 883 sed
978 815 1017 882 iis
1038 815 1139 882 rerba
1160 834 1231 883 esse
1252 816 1402 884 facienda

150 930 243 998 librir
265 927 391 1011 scriptis
412 947 478 992 non
499 925 662 992 adhibitis.

239 1037 361 1106 Caesar
382 1041 489 1103 autem
511 1055 582 1102 eum
605 1035 745 1100 omnium
767 1036 888 1119 primus
913 1056 944 1104 a.
967 1035 1082 1119 ⁶95d59
1104 1035 1338 1116 instituIsset¹),
1367 1040 1403 1102 ut

151 1157 285 1217 senatus
307 1147 424 1214 diurna
444 1153 517 1214 acta
539 1145 768 1212 conficerentur
775 1147 797 1224 ²)
820 1151 852 1212 et
873 1147 1122 1231 publicarentur,
1144 1166 1202 1232 per
1223 1165 1258 1212 se
1279 1146 1419 1213 intelle'

151 1261 247 1345 gitur,
275 1258 352 1326 inde
382 1277 402 1324 a
424 1255 572 1323 Caesaris
599 1255 812 1340 temporibus,
842 1262 877 1322 ut
905 1257 1030 1324 litterae
1050 1255 1094 1323 ad
1117 1262 1263 1323 sonatum
1285 1255 1403 1322 missae

151 1370 235 1438 actis
256 1366 512 1448 includebantur,
541 1366 655 1444 (Tacit.
679 1366 763 1432 Ann.
786 1366 834 1448 ΙΙ,
859 1369 928 1450 88),
957 1367 1001 1432 ita
1025 1367 1202 1450 legatorum
1225 1367 1402 1433 orationum

152 1480 316 1564 epitomen
339 1479 469 1545 brevem
491 1477 524 1542 in
547 1485 677 1543 senatus
698 1485 772 1544 acta
792 1477 891 1560 recipi
913 1477 1039 1544 solitam
1062 1496 1141 1544 esse.

345 1725 374 1788 2.
407 1721 552 1806 Legati
580 1742 600 1786 a
629 1721 892 1814 senatoribus
921 1722 1218 1788 examinantur.

241 1874 307 1942 Sed
328 1875 446 1940 lactum
469 1881 517 1942 est
538 1891 786 1957 nonnumquam,
809 1879 844 1938 ut
865 1874 1042 1955 legatorum
1065 1874 1214 1958 princeps
1229 1874 1405 1940 orationem

153 1987 198 2053 ad
229 1985 324 2052 finem
354 1983 529 2070 perducere
556 2004 621 2049 non
650 1991 773 2067 posset,
807 1982 893 2066 quod
921 1984 1141 2068 magistratus,
1175 1985 1229 2068 qui
1258 1991 1405 2050 senatum

29 2157 30 2180 ,
154 2103 322 2179 coegerat,
352 2115 423 2162 cum
453 2093 756 2176 interrogationibus
783 2093 1014 2178 interrumpere
1036 2095 1147 2178 potuit.
1192 2096 1243 2178 Ita
1264 2094 1406 2180 Philippi

29 2195 30 2198 ¹
154 2207 241 2289 regis
263 2208 387 2289 legatos
409 2203 628 2270 accusationes
649 2205 826 2288 legatorum
850 2204 1043 2270 Graecorum
1065 2207 1187 2272 Romae
1215 2226 1245 2271 a.
1269 2206 1403 2288 5571197

29 2309 30 2320 ’
153 2338 175 2382 a
199 2336 234 2382 se
251 2320 437 2383 avertentes
458 2313 568 2380 consul
590 2311 679 2378 brevi
701 2313 951 2397 interrogatione
977 2315 1161 2398 interrupit,
1191 2315 1406 2384 traditurusne

29 2419 30 2430 ’
155 2433 242 2494 esset
268 2445 327 2492 rex
349 2423 480 2491 Graecis
501 2421 756 2506 Demetriadem,
787 2422 989 2520 Chalcidem,
1016 2424 1219 2509 Corinthum3
1250 2427 1304 2509 qui
1334 2445 1406 2494 oum

154 2543 327 2620 negarent,
356 2533 500 2600 mandati
522 2533 584 2599 sibi
606 2534 668 2600 hac
689 2533 731 2600 de
752 2554 787 2600 re
809 2534 977 2618 quicquam
1001 2554 1086 2616 esse,
1116 2535 1224 2601 statim
1252 2555 1406 2620 responso

154 2667 222 2712 non
245 2646 322 2710 dato
345 2664 363 2711 e
385 2643 473 2709 curia
495 2642 651 2709 excedere
672 2643 750 2714 iussi
773 2651 847 2710 sunt
869 2644 947 2722 (Pol.
964 2643 1086 2726 XVIII,
1102 2650 1151 2710 11.
1174 2645 1244 2711 Lir.
1260 2646 1404 2729 XXXII,

156 2762 221 2836 37).
256 2758 338 2822 Item
356 2752 463 2820 Gentii
485 2753 569 2836 regis
591 2753 699 2836 legati,
722 2754 830 2837 specie
851 2757 1038 2838 legatorum,
1060 2774 1095 2820 re
1117 2775 1196 2821 vera
1216 2757 1406 2840 speculandi

155 2887 271 2934 caussa
292 2866 426 2931 Romam
448 2884 477 2929 a.
501 2867 636 2942 5821172
658 2863 758 2948 missi,
780 2863 814 2930 in
836 2871 982 2934 senatum
1004 2865 1120 2946 vocati,
1143 2885 1214 2930 cum
1236 2869 1407 2934 semisses

156 2996 228 3048 esse
249 2974 294 3041 ad
316 2975 484 3058 purganda
506 2973 648 3056 crimina,
671 2973 698 3040 si
713 2995 776 3058 qua
792 2973 833 3041 dc
847 2994 924 3058 rege
938 2975 1083 3042 Issenses
1101 2975 1230 3060 ferrent,
1254 2976 1406 3060 dicerent,

156 3107 177 3152 a
198 3085 329 3152 consule
356 3084 523 3168 interrupti
544 3089 618 3149 sunt
640 3090 828 3168 quaerente,
862 3104 917 3150 cur
943 3106 1009 3150 non
1036 3085 1160 3152 ratione
1189 3085 1284 3152 solita
1313 3095 1408 3171 atque

155 3199 337 3262 inveterata
357 3195 578 3277 magistratum
599 3193 764 3276 adiissent,
787 3201 822 3260 ut
843 3215 954 3261 omnes
976 3196 1032 3261 alii
1053 3197 1160 3279 legati.
1205 3196 1409 3264 Haesitantes

157 3325 234 3374 vero
262 3306 296 3370 in
324 3321 478 3386 responso
506 3302 629 3370 dimissi
656 3311 730 3372 sunt
757 3305 828 3372 sinc
849 3325 1004 3389 responso
1032 3307 1114 3382 (Lir.
1136 3305 1244 3387 XLII,
1274 3309 1336 3383 26).
1365 3343 1408 3354 -

158 3413 366 3482 Orationibus
387 3432 464 3478 roro
486 3415 664 3496 legatorum
685 3415 835 3498 perlectis
857 3435 947 3482 mors
968 3414 1084 3481 tradito
1107 3415 1251 3498 patribus
1268 3421 1409 3499 potesta·

157 3533 238 3607 tem,
267 3524 295 3590 si
317 3523 388 3606 quis
410 3521 487 3604 qnid
508 3522 622 3606 vellet,
651 3523 871 3608 interrogandi
898 3526 1022 3609 legatos
1044 3525 1263 3608 magistratum
1284 3525 1408 3609 iecisse,

158 3637 270 3702 Livius
291 3633 429 3711 multis³l
452 3632 532 3698 locis
554 3632 672 3700 diserte
693 3641 828 3702 testatus
851 3640 908 3702 est.

244 3744 368 3824 Quibus
396 3743 491 3809 rebus
519 3742 612 3809 lactis
639 3750 884 3828 senatorumque
912 3746 1001 3812 nullo
1026 3746 1091 3812 iarn
1113 3745 1331 3828 interrogandi
1353 3766 1409 3829 po·

157 3862 307 3924 testatem
329 3859 460 3937 petente
481 3853 578 3937 legati
600 3854 757 3922 excedere
778 3856 895 3932 curia⁴l
917 3855 1119 3923 iubebantur.

231 4061 255 4122 l)
281 4056 356 4110 Suet.
374 4057 450 4111 Caes.
469 4061 510 4110 20.
538 4057 572 4111 cl.
590 4055 730 4110 Huebneri
752 4051 795 4110 ‘de
818 4060 928 4112 senatus
952 4056 1099 4125 populique
1123 4055 1239 4112 Romani
1261 4050 1341 4110 actis'
1371 4053 1409 4116 tin

159 4149 332 4205 Fleckeiseni
350 4149 487 4204 annalium
505 4150 594 4220 suppl.
615 4149 663 4216 III,
681 4151 751 4213 564).
822 4153 847 4214 2)
866 4147 1003 4204 Ciceronis
1021 4149 1097 4214 (Sull.
1117 4153 1155 4215 14,
1175 4153 1217 4216 15)
1231 4165 1268 4204 ex
1284 4147 1408 4202 Instituto

159 4258 230 4299 noro
239 4241 416 4312 Allobrogum
433 4241 536 4310 legatis,
547 4241 677 4296 Catilinae
692 4242 884 4296 coniurationis
900 4241 1043 4308 iudicibus,
1061 4242 1089 4296 in
1106 4247 1229 4298 senatum
1246 4238 1408 4294 introductis

159 4321 300 4391 senatores
319 4333 460 4390 constituti
478 4339 549 4396 sunt
567 4335 617 4389 riri
634 4349 714 4402 quam
726 4334 892 4401 nobilissimi,
911 4333 957 4402 qui
968 4336 1086 4390 omnium
1097 4335 1216 4388 indicum
1226 4333 1306 4399 dicta,
1324 4333 1408 4387 inter·

159 4433 270 4497 rogata,
296 4443 427 4497 responsa
453 4428 661 4495 perscriberent.
766 4431 792 4494 3)
817 4427 875 4482 Lir.
892 4425 971 4491 VIII,
991 4433 1031 4482 21.
1068 4427 1167 4493 XXIX,
1187 4431 1226 4481 19.
1261 4425 1348 4492 XXX,
1367 4430 1408 4480 22.

160 4519 343 4586 xxxma
411 4525 438 4587 4)
455 4521 512 4576 niv.
531 4521 591 4590 vll,
609 4527 651 4576 ar.
674 4519 773 4588 XXVI,
793 4525 833 4575 ao.
853 4525 894 4576 33.
911 4519 1024 4588 XXVII,
1045 4525 1066 4573 r.
1091 4518 1191 4585 xm,
1212 4524 1252 4574 ra.
1270 4517 1357 4588 11111,
1376 4524 1408 4574 ne

161 4621 188 4669 et
206 4613 298 4668 multis
315 4613 375 4668 aliis
392 4612 467 4670 locis.
501 4614 559 4670 Pol.
577 4614 677 4682 XXIX,
697 4619 720 4668 7.
748 4611 875 4668 XXXIII.
896 4619 920 4670 1.
954 4613 1034 4669 DIon.
1052 4612 1100 4679 VI,
1119 4617 1158 4667 21.
1181 4616 1210 4668 18
1229 4628 1269 4684 sq.
1292 4613 1365 4680 VIII,
1384 4617 1408 4666 9.

161 4708 260 4763 Zonar.
278 4706 352 4776 VIII,
372 4712 411 4762 15.
