3424 5296
725 301 909 362 ..9...

194 466 267 532 dem
290 467 431 533 radicem
454 467 688 550 referrentque
711 487 767 534 eas
789 488 884 534 voces
906 488 985 551 quas
1007 490 1104 554 supra
1124 474 1303 557 attulimus,
1334 482 1440 543 tamen

196 576 350 660 explicari
376 597 440 642 non
467 595 562 661 posse
587 577 722 660 videtur,
746 579 904 661 quomodo
926 579 1026 645 solum
1046 581 1230 647 Latinorum
1252 585 1442 652 vocabulum

194 685 237 752 ad
253 687 414 754 notionem
430 707 558 771 prorsus
579 689 677 754 aliam
693 689 883 772 pervenerit,
907 690 968 754 nisi
990 689 1202 773 concedimus,
1218 729 1260 740 -
1275 696 1361 777 quod
1375 695 1442 762 fieri

194 796 250 862 vix
271 798 438 880 potuit-
459 798 563 882 ipsam
585 798 738 882 linguam,
760 818 909 866 sonorum
932 799 1139 867 similitudine
1155 823 1267 870 vocum
1282 805 1394 873 bastae
1410 815 1442 874 et

195 906 355 974 hostiendi
377 907 559 990 adductam,
582 909 729 975 notiones
751 909 834 976 inter
855 929 890 976 se
912 911 1076 976 miscuisse
1099 919 1130 978 et
1152 915 1307 983 turbasse.

279 1017 344 1084 Sed
358 1055 401 1064 —
415 1025 450 1083 ut
470 1018 640 1085 redeamus
661 1018 704 1084 ad
726 1019 830 1102 ipsum
849 1021 1047 1104 propositum
1062 1057 1103 1068 —
1118 1027 1263 1106 quamvis
1278 1028 1365 1110 upud
1381 1031 1441 1093 Ro·

192 1145 305 1194 manos
319 1127 481 1210 peregrini
495 1129 602 1212 legum
618 1136 766 1214 expertes
781 1138 897 1210 essent,
912 1137 1019 1196 tamen
1035 1132 1213 1214 legationes
1224 1137 1265 1201 ab
1276 1137 1315 1204 iis
1327 1140 1442 1205 missas

193 1243 303 1301 saneto
331 1237 428 1320 legati
458 1240 588 1305 nomine
613 1239 655 1305 ab
683 1239 809 1305 iniuriis
836 1241 964 1323 publice
991 1260 1063 1308 esse
1086 1241 1249 1326 defensas,
1280 1248 1441 1331 plerisque

192 1347 382 1413 testimoniis
390 1345 414 1431 ¹)
435 1349 667 1432 comprobetur.
701 1349 765 1415 Sed
788 1349 815 1416 si
837 1350 926 1416 cuius
947 1351 1144 1434 reipublicae
1166 1373 1277 1421 omnes
1298 1357 1384 1423 eires
1407 1359 1440 1425 in

192 1455 296 1522 altere
316 1458 445 1524 civitate
466 1459 574 1542 legum
597 1459 699 1526 tutela
719 1461 871 1525 volebant
893 1462 1055 1541 essetab,
1078 1463 1117 1528 iis
1140 1464 1276 1532 societas
1299 1475 1369 1533 erat
1390 1469 1440 1533 in-

192 1565 308 1632 eunda.
351 1567 429 1634 Jure
451 1576 557 1636 autem
580 1571 794 1636 Romanorum
822 1571 951 1654 publico
981 1573 1254 1640 constituebantur
1275 1586 1440 1659 pactorum

189 1695 312 1758 genera
331 1678 427 1745 haec:

275 1788 314 1854 A.
336 1788 556 1873 Hosptuumu.

277 1901 368 1966 Duae
390 1901 537 1967 civitates
559 1901 732 1986 hospitium
753 1901 836 1967 inter
858 1921 893 1968 se
915 1902 1020 1968 lacere
1034 1923 1098 1968 non
1115 1911 1256 1986 possunt,
1280 1904 1342 1970 nisi
1357 1912 1440 1972 utra·
1551 1907 1553 1913 '

191 2028 253 2092 que
275 2009 324 2075 sui
345 2011 423 2076 iuris
445 2012 501 2076 alii
523 2012 665 2078 subiecta
686 2019 719 2077 et
740 2012 879 2078 obnoxia
900 2033 966 2077 non
988 2015 1073 2089 est³).
1108 2011 1186 2078 Oum
1208 2033 1284 2079 vero
1313 2014 1353 2080 de
1375 2015 1440 2080 oifi-

190 2118 247 2185 uiis
276 2119 439 2186 civitatum
467 2121 606 2204 hospitio
628 2123 866 2188 coniuncturum
887 2122 1070 2188 testimonia
1097 2143 1162 2188 non
1191 2125 1292 2190 multa
1319 2131 1438 2208 extent,

191 2237 223 2296 et
245 2232 402 2314 respicere
430 2231 472 2296 ad
500 2231 640 2315 hospitia
661 2232 769 2298 iuncta
791 2233 874 2298 inter
895 2232 1042 2298 ciuitates
1064 2233 1273 2315 hominesque
1295 2235 1439 2317 privatos

190 2346 222 2404 et
244 2341 415 2408 e'notione
435 2341 596 2408 amicitiae
604 2346 625 2419 4)
648 2363 712 2408 non
734 2343 780 2409 ita
802 2349 888 2408 certa
910 2349 942 2408 et
957 2341 1088 2408 definita
1103 2363 1142 2408 ea
1157 2343 1324 2409 enucleare
1339 2347 1439 2412 eoacti

190 2470 308 2526 sumus,
331 2470 413 2533 quae
435 2452 478 2517 ad
500 2451 672 2536 hospitium
694 2453 865 2538 pertinent.

275 2563 367 2627 Illius
395 2569 501 2628 autem
530 2563 657 2645 generis
686 2563 859 2646 hospitium
885 2552 1151 2646 vetustissimum,
1182 2563 1222 2629 de
1245 2585 1306 2646 quo
1329 2567 1438 2632 Livius

191 2672 241 2753 (V,
259 2675 310 2750 28)
332 2672 462 2738 uberius
484 2672 647 2755 fusiusque
669 2672 821 2757 disputat,
845 2678 975 2738 senatus
997 2675 1141 2740 consulto
1163 2673 1281 2738 iactum
1304 2681 1437 2740 osteum

188 2781 387 2848 Timasithco
408 2783 588 2866 Liparensi‚
611 2783 697 2866 quod
711 2783 925 2849 Romanorum
948 2785 1072 2866 legatos
1088 2783 1231 2866 Delphos
1253 2803 1323 2848 oum
1347 2785 1439 2852 donis

189 2891 423 2977 proficiscentes
450 2893 753 2960 benevolentissime
780 2893 959 2960 adiuverat.
1002 2893 1084 2958 Huic
1106 2893 1192 2958 dona
1213 2893 1340 2976 publice
1362 2895 1438 2960 data

263 3107 285 3168 1)
303 3119 326 3156 v.
344 3101 453 3171 Paulyi:
471 3102 597 3157 Realenc.
616 3107 634 3155 t.
653 3102 700 3167 IV,
718 3119 744 3171 p.
763 3106 821 3158 sst.
849 3101 964 3170 Voigtii:
992 3101 1041 3156 das
1057 3102 1099 3156 ius
1116 3102 1241 3156 naturale
1258 3106 1278 3169 t.
1296 3103 1331 3169 Π,
1349 3119 1375 3172 p.
1396 3109 1436 3158 26.

190 3196 244 3251 Cio.
264 3195 291 3249 in
304 3193 380 3249 Verr.
399 3193 434 3261 H,
451 3200 471 3260 1,
490 3199 530 3259 33,
545 3199 585 3250 85.
612 3196 776 3263 Legatorum
793 3195 835 3250 ius
854 3195 943 3249 diuino
960 3195 1132 3263 humanoque
1149 3195 1277 3249 vallatum
1294 3196 1437 3264 pracsidio,

190 3288 267 3344 cuius
285 3291 341 3342 tam
359 3293 484 3344 sanctum
502 3292 530 3342 et
546 3289 698 3342 venerabile
715 3303 813 3342 nomen
830 3302 890 3342 csse
908 3288 988 3342 debet
1004 3293 1036 3341 ut
1052 3303 1106 3342 non
1123 3287 1202 3342 modo
1220 3287 1292 3341 inter
1303 3289 1438 3344 sociorum

188 3383 251 3436 iura
269 3381 316 3436 sed
333 3386 360 3436 et
376 3381 496 3435 hostium
513 3380 567 3435 tela
584 3379 719 3435 incolume
736 3385 867 3435 versetur.
901 3381 1015 3449 Procop.
1035 3381 1067 3436 de
1085 3381 1147 3435 bell.
1164 3381 1229 3449 goth
1246 3381 1267 3443 Ι,
1287 3386 1311 3435 1.
1329 3381 1376 3446 ΙΙΙ,
1397 3387 1436 3436 16.

188 3479 214 3538 2)
238 3473 361 3544 Hospitis
378 3474 540 3529 vocabulum
563 3474 685 3544 separari
706 3491 761 3528 non
782 3489 863 3542 posse
885 3489 902 3528 a
925 3474 1047 3543 simplice
1071 3473 1158 3528 bostis
1175 3489 1242 3528 voce
1260 3473 1367 3529 Curtius
1394 3491 1436 3530 re·

188 3569 309 3623 ctissime
334 3567 467 3636 pressisse
491 3567 598 3622 videtur
621 3572 655 3631 (v.
677 3567 847 3622 Mommseni:
875 3567 951 3622 Rom.
971 3567 1084 3622 Forsch.
1110 3573 1130 3620 t.
1154 3565 1175 3630 I,
1202 3583 1229 3635 p.
1248 3570 1295 3621 311
1321 3567 1382 3620 adn.
1411 3574 1436 3633 2)

189 3660 309 3730 quamvis
331 3675 418 3728 neque
436 3659 471 3714 ad
487 3661 606 3716 radicem
628 3660 735 3729 linguae
754 3661 904 3716 musoritae
920 3677 956 3730 pa
971 3655 1125 3715 ‘schbtzen'
1145 3659 1233 3713 redire
1250 3659 1347 3726 uelim,
1366 3663 1437 3728 quod

187 3754 227 3808 ita
243 3759 255 3806 t
272 3753 346 3807 illius
368 3753 483 3821 hospitis
501 3769 556 3808 non
574 3754 733 3822 explicatur,
757 3769 844 3824 neque
863 3753 984 3809 Curtium
1003 3753 1078 3821 sequi
1095 3751 1196 3820 possim
1214 3751 1248 3804 ad
1265 3753 1373 3820 petendi
1390 3770 1436 3808 vo·

188 3846 316 3902 cabulum
339 3845 519 3914 delegantem,
546 3847 586 3900 itu
613 3851 642 3900 ut
667 3847 789 3916 hos-pes
816 3847 851 3902 sit
876 3847 963 3901 hostis
989 3850 1084 3914 petens
1103 3843 1162 3898 ‘der
1180 3843 1437 3902 Gestfreundsehait

189 3939 327 3995 euchende
345 3935 469 3994 Fremde‘
496 3939 567 4006 quod
584 3940 623 3993 ita
641 3955 746 4008 sospes,
765 3940 837 4008 quod
855 3939 946 3994 eadem
964 3938 1070 3993 ratione
1086 3937 1189 3991 factum
1206 3952 1266 3992 esse
1283 3940 1376 4006 negari
1393 3941 1437 3994 uix

188 4037 288 4104 potest,
305 4049 360 4088 non
377 4032 530 4101 respicitur.
611 4037 637 4098 3)
654 4049 677 4085 v.
695 4032 868 4088 Mommseni:
891 4031 969 4085 Rom.
987 4031 1100 4100 Eorsch.
1120 4037 1138 4082 t.
1156 4030 1177 4095 Ι,
1196 4047 1222 4099 p.
1243 4035 1291 4086 333
1310 4049 1368 4101 sqq.

185 4131 214 4194 4)
232 4127 318 4182 Plsne
335 4125 406 4180 enim
421 4125 539 4181 facimus
558 4141 619 4179 cum
635 4125 803 4182 Mommscno
822 4131 918 4182 contra
931 4126 1081 4180 Walterum
1099 4124 1206 4191 (Gescb.
1217 4123 1241 4178 d.
1255 4131 1321 4178 rom.
1334 4125 1435 4180 Rechts

186 4221 209 4288 1,
228 4223 244 4287 ᾗ
263 4223 304 4282 st,
321 4237 349 4288 p.
372 4222 427 4284 114)
445 4221 473 4273 et
490 4219 627 4288 Voigtium
644 4220 704 4286 (das
721 4220 763 4275 ius
780 4220 903 4274 naturale
920 4223 940 4274 t.
958 4219 993 4286 Π,
1010 4237 1037 4289 p.
1056 4223 1098 4284 46,
1117 4222 1160 4284 56)
1179 4219 1363 4283 contendente,
1381 4234 1436 4272 non

188 4313 277 4368 solum
295 4315 383 4368 certos
408 4311 477 4367 lines
502 4313 574 4367 inter
601 4313 736 4369 amicitiae
761 4319 789 4368 et
813 4312 925 4382 hospitii
950 4312 1087 4367 notionem
1114 4311 1243 4366 constitui
1267 4325 1322 4365 non
1346 4326 1435 4380 posse,

189 4405 310 4476 quamuis
327 4405 446 4460 fortasse
462 4404 658 4474 posterioribus
675 4406 842 4475 temporibus
860 4405 930 4474 (Dig.
948 4411 990 4472 49,
1011 4411 1048 4470 15,
1068 4411 1091 4466 5,
1109 4408 1135 4463 11
1159 4403 1279 4458 amicitis
1296 4404 1370 4472 iungi
1386 4421 1435 4473 po·

187 4499 270 4554 tuerit
295 4498 413 4568 bospitio
440 4513 495 4552 non
522 4497 604 4564 scoto,
632 4499 679 4553 sed
706 4499 786 4553 etism
809 4499 874 4554 Scto
898 4499 930 4554 de
947 4498 1109 4568 Asclepiade
1135 4496 1308 4563 (0.1.L.1,
1331 4513 1358 4566 p.
1379 4502 1436 4560 1141

187 4592 340 4646 luculenter
358 4591 545 4653 demonstrari,
572 4593 666 4646 amicis
683 4593 777 4661 populi
793 4591 909 4648 Romani
927 4591 1038 4661 hospitii
1054 4592 1096 4646 ius
1114 4591 1199 4644 fuisse
1218 4602 1249 4651 (u.
1263 4590 1433 4644 Mommseni:

187 4685 266 4739 Rom.
284 4684 397 4740 Forsoh.
418 4691 437 4740 t.
456 4686 477 4751 Ι,
495 4702 521 4754 p.
541 4689 590 4740 319
608 4685 669 4740 adn.
688 4691 721 4751 4).
