3424 5296
691 341 898 402 ..19-

169 508 256 574 inter
277 525 312 574 se
334 506 535 573 consentiant
543 509 564 585 ¹)
586 525 719 590 cumque
733 505 874 588 accedat,
897 508 981 590 quod
996 509 1107 576 Iudaei
1115 510 1136 586 ²)
1152 528 1276 592 quoque
1291 516 1416 576 centum

170 620 297 702 legatos
319 617 361 683 ad
383 617 556 683 Antonium
577 617 708 684 mittunt
729 618 772 683 ad
794 618 1009 684 accusandum
1025 618 1182 686 Herodem
1204 641 1312 704 regem
1335 623 1418 688 veri-

170 729 277 795 simile
299 746 371 793 esse
393 726 535 808 videtur,
557 735 604 793 tot
624 728 748 812 legatos
770 727 851 792 mitti
873 729 993 811 solere,
1017 731 1045 796 si
1067 729 1154 796 ouius
1176 732 1260 813 regis
1282 731 1416 814 Imperio

169 837 305 905 subiecti
325 837 433 919 ipsum
453 835 615 902 dominum
637 855 787 904 accusare
809 839 971 904 volebant.
1388 927 1390 932 Ι
1417 847 1419 856 ’

257 947 322 1014 Sed
343 953 378 1011 ut
399 946 440 1012 de
461 947 606 1030 generali
627 947 805 1030 legatorum
828 967 957 1014 numero
980 947 1102 1030 aliquid
1124 947 1201 1014 certi
1224 969 1416 1032 cognoscere

168 1058 338 1142 possimus,
361 1075 379 1122 e
401 1057 541 1124 numerIs
563 1055 787 1140 comparandis
808 1057 985 1140 legatorum
1008 1064 1040 1123 et
1056 1077 1077 1122 a
1091 1057 1225 1125 Rhodiis
1240 1065 1272 1124 et
1286 1060 1327 1125 ab
1342 1061 1416 1126 aliis

169 1185 269 1251 saepe
290 1169 422 1233 Romam
445 1167 612 1234 missorum
634 1167 721 1232 baud
743 1186 845 1250 pauca
866 1167 993 1233 haurire
1015 1188 1074 1234 nos
1095 1186 1199 1252 posse,
1226 1170 1319 1236 nobis
1341 1189 1416 1253 per-

169 1297 298 1344 suasum
327 1284 390 1360 est,
419 1279 447 1343 si
469 1277 637 1362 Polybium
667 1276 844 1359 sequImur,
874 1297 967 1360 quem
989 1278 1022 1342 in
1045 1277 1217 1344 afferendis
1239 1279 1416 1362 legatorum

168 1387 352 1453 nominibus
373 1387 472 1453 multo
494 1387 721 1453 accuratiorem
745 1405 831 1469 esse,
863 1407 957 1471 quam
980 1387 1119 1468 Livium,
1142 1387 1206 1453 iam
1230 1388 1415 1467 Nissenus³)

169 1503 256 1564 recte
288 1495 488 1580 significavit.
538 1495 631 1575 Quod
664 1497 749 1564 enim
782 1497 956 1564 secundum
984 1497 1182 1581 Polybium⁴l
1214 1518 1243 1563 a.
1279 1498 1318 1564 U.
1353 1501 1415 1563 585

167 1605 285 1672 Rhodii
307 1607 358 1674 bis
379 1609 533 1672 miserunt
547 1607 681 1672 Romam
703 1613 811 1673 ternos
833 1608 965 1691 legatos,
988 1626 1073 1672 anno
1089 1607 1270 1690 insequenti
1284 1609 1384 1674 semel
1393 1610 1415 1684 5)

167 1722 277 1782 ternos
300 1723 331 1782 et
353 1735 423 1782 cum
446 1716 533 1793 sex⁸)
556 1715 629 1783 aliis
651 1717 793 1784 eiusdem
815 1717 977 1800 scriptorIs
998 1717 1185 1783 testimoniis
1204 1717 1415 1802 confirmetur,

168 1833 278 1894 ternos
305 1827 430 1910 legatos
459 1846 529 1893 esse
556 1827 686 1909 missos,
713 1828 741 1894 is
766 1847 916 1894 numerus
939 1845 998 1892 usu
1019 1833 1164 1912 receptus
1186 1846 1257 1893 esse
1278 1828 1415 1894 videtur.

167 1936 318 2018 Accedit,
349 1936 433 2019 quod
461 1956 531 2002 eum
560 1938 594 2002 in
621 1938 829 2020 inscriptione
857 1935 996 2020 quadam
1019 1937 1172 2010 Graecab
1196 1943 1228 2003 et
1249 1940 1413 2006 nonnullis

165 2047 246 2112 locis
270 2045 476 2126 Ciceronis⁸),
500 2047 680 2131 Appulia,
702 2047 872 2132 Iosepbi¹⁰l
894 2045 980 2112 idem
1002 2065 1151 2113 numems
1173 2047 1313 2131 affertur,
1344 2055 1411 2114 tum

166 2157 396 2240 posterioribus
418 2157 613 2241 temporibus
636 2157 739 2224 edicto
756 2157 829 2222 Divi
843 2155 1033 2240 Vespasiani
1055 2156 1249 2239 praecipitur
1267 2159 1413 2226 omnibus

166 2265 360 2348 civitatibus,
383 2287 425 2332 ne
446 2269 564 2351 plures,
587 2287 683 2349 quam
705 2274 813 2334 ternos
835 2268 960 2350 legatos
982 2265 1119 2331 mittant.

251 2378 405 2442 Attamen
426 2382 549 2442 tantum
572 2377 673 2456 abest,
696 2383 731 2440 ut
752 2375 890 2457 credam,
914 2395 985 2440 eum
1003 2395 1167 2440 numerum
1183 2395 1309 2460 semper
1323 2378 1414 2460 quasi

163 2485 382 2552 necessarium
403 2485 515 2570 fuisse,
543 2493 578 2550 ut
599 2485 677 2551 mihi
699 2505 884 2569 persuasum
907 2487 963 2570 sit,
987 2505 1159 2567 numquam
1182 2505 1202 2550 a
1223 2487 1316 2553 sociis
1338 2507 1415 2570 pau·

165 2596 269 2662 ciores
297 2595 379 2660 mitti
403 2615 497 2677 quam
520 2605 626 2658 ternos
647 2597 781 2678 legatos.
826 2595 989 2674 Quacum
1012 2594 1162 2678 opinione
1184 2615 1249 2660 non
1270 2616 1415 2680 pugnare

167 2705 342 2770 nonnullos
358 2706 455 2786 locos,
478 2706 511 2769 in
527 2705 641 2788 quibus
665 2704 705 2771 de
728 2705 851 2770 duobus
859 2707 891 2782 ¹²)
914 2705 1029 2788 legatis
1044 2712 1099 2770 aut
1115 2705 1154 2770 de
1169 2726 1232 2770 uno
1242 2706 1274 2778 ¹³)
1290 2705 1413 2785 dicitur,

163 2815 319 2882 facillime
342 2814 552 2880 demonstrari
574 2820 689 2897 potest.
723 2815 802 2881 Cum
825 2815 910 2881 enim
932 2815 1101 2898 scriptores
1117 2814 1234 2880 diserte
1249 2822 1412 2897 testentur,

163 2925 249 2990 inter
271 2925 396 3007 legatos
417 2943 542 3008 semper
563 2924 662 2991 fuisse
682 2927 819 3002 unum¹⁴t
841 2932 897 2990 aut
919 2924 1049 3008 duos¹⁵t,
1071 2924 1125 3007 qui
1146 2925 1300 3008 legationi
1321 2945 1413 3008 prae-

164 3041 275 3101 essent
304 3041 336 3100 et
364 3054 496 3122 quorum
524 3035 695 3102 auctoritas
723 3034 824 3100 maior
845 3040 930 3119 esset
952 3053 1047 3116 quam
1068 3041 1258 3116 ceterorum,
1286 3053 1358 3100 eum
1378 3035 1412 3098 in

164 3149 281 3226 senatu
302 3143 403 3209 verba
418 3143 523 3212 lacere
537 3146 685 3228 solerent,
708 3145 822 3211 mirum
837 3164 902 3210 non
918 3151 975 3223 est,
997 3143 1031 3208 in
1045 3144 1227 3210 nominibus
1242 3143 1414 3210 afferendis

163 3254 251 3320 solos
286 3245 456 3341 legationis
484 3255 645 3340 principes
678 3292 719 3302 -
754 3275 829 3320 nam
859 3255 944 3332 itast)
971 3253 1034 3318 dici
1064 3254 1211 3319 solebant
1243 3287 1284 3299 -
1318 3253 1414 3336 signi-

163 3363 261 3428 ficari.
303 3365 417 3445 Itaque
438 3364 466 3428 si
487 3367 609 3444 unus¹⁰l
632 3367 756 3450 legatus
777 3371 833 3430 aut
855 3363 917 3428 duo
940 3363 1160 3440 nominantur,
1182 3363 1205 3426 ii
1226 3369 1300 3428 sunt
1320 3363 1412 3445 lega-

235 3587 259 3646 1)
284 3583 338 3638 Dio
362 3583 389 3636 C.
408 3583 541 3650 XXXIX,
562 3589 601 3638 12.
637 3585 725 3640 Strab.
743 3585 830 3650 XVII,
851 3589 872 3650 1,
893 3589 932 3638 11.
968 3583 1024 3640 Olc.
1042 3584 1110 3638 Rab.
1128 3584 1201 3639 Post.
1220 3584 1259 3648 Il,
1278 3589 1302 3637 4.
1340 3583 1411 3638 Cael.

160 3677 235 3743 VIII,
256 3681 295 3732 18.
329 3676 387 3731 Liv.
406 3691 445 3746 ep.
467 3682 522 3732 104.
549 3677 621 3733 Plut.
641 3679 699 3733 Cat.
718 3679 781 3734 min.
798 3676 896 3733 XXIV.
983 3680 1009 3742 2)
1026 3677 1132 3746 Ioseph.
1150 3676 1183 3729 A.
1201 3676 1222 3728 Ι.
1240 3676 1312 3743 XIV,
1333 3680 1372 3742 13,
1389 3681 1410 3744 1,

159 3787 187 3841 p.
201 3775 252 3824 255
271 3769 360 3823 Bekk.
429 3774 454 3838 3)
471 3787 494 3826 v.
504 3770 625 3826 Nisseniz
645 3771 807 3840 dieQuellen
825 3771 872 3826 der
888 3775 913 3824 4.
930 3770 988 3826 und
1005 3768 1151 3825 5.Dekade
1163 3768 1210 3823 des
1221 3767 1313 3823 Livius
1329 3784 1357 3837 p.
1369 3773 1410 3823 28.

159 3871 186 3928 4)
211 3863 273 3919 ΡοΙ.
291 3863 418 3930 XXVIII,
437 3867 459 3918 2.
486 3864 613 3930 XXVIII,
633 3869 672 3920 14.
773 3869 799 3930 t)
822 3864 880 3918 Pol.
898 3863 998 3928 XXIX,
1016 3867 1040 3916 4.
1144 3865 1170 3928 6)
1193 3861 1250 3915 Pol.
1268 3861 1367 3928 XXIV,
1389 3869 1412 3917 1.

159 3957 263 4024 XXVI,
285 3961 307 4009 1.
342 3955 467 4024 XXVIII,
490 3961 509 4010 1.
545 3956 670 4022 XXVIII,
692 3961 730 4011 18.
764 3957 865 4024 XXXI,
883 3962 906 4012 6.
940 3955 1068 4022 XXXHI,
1090 3961 1098 4008 1
1120 3954 1195 4019 (Gell.
1213 3954 1274 4020 Vll,
1294 3959 1344 4020 14).

159 4053 186 4116 7)
206 4050 237 4105 G.
256 4050 278 4102 Ι.
297 4049 345 4104 Gr.
369 4065 395 4102 n.
414 4053 489 4116 5882,
508 4054 584 4105 5491.
680 4053 705 4116 8)
728 4049 782 4105 cic.
801 4051 877 4105 Verr.
894 4050 932 4114 II,
958 4055 982 4115 3,
1004 4054 1045 4114 45,
1068 4053 1123 4102 1118.
1214 4052 1239 4112 9)
1258 4050 1328 4118 App.
1352 4048 1410 4118 Syr.

157 4143 207 4210 VI,
231 4147 269 4196 rc.
296 4142 403 4212 loseph.
420 4142 454 4196 A.
471 4143 492 4197 1.
509 4143 583 4210 xm,
602 4147 626 4210 c,
644 4148 669 4211 1,
686 4161 711 4213 p.
736 4147 792 4197 111.
816 4143 889 4210 mv,
909 4147 947 4205 m,
966 4146 991 4206 a,
1008 4159 1034 4211 p.
1054 4145 1102 4194 111
1125 4141 1212 4196 Bekk.
1292 4145 1332 4206 11)
1349 4141 1410 4209 urg.
1470 4138 1474 4146 ‘

157 4236 205 4292 lib.
225 4235 257 4290 L.
277 4235 312 4290 de
328 4236 408 4304 legat.
427 4236 473 4299 IV,
492 4239 508 4305 ξ
527 4243 551 4292 6.
621 4241 662 4300 12)
680 4237 737 4292 Pol
755 4237 854 4304 XXIII,
873 4242 896 4291 3.
919 4235 1033 4298 XXVII,
1052 4239 1075 4288 1.
1102 4234 1228 4304 XXVIII,
1250 4239 1270 4288 1.
1296 4232 1410 4295 XXXII,

159 4335 183 4383 1.
207 4335 248 4382 11.
286 4327 412 4395 XXXIII,
433 4335 453 4382 1.
473 4333 497 4383 2.
603 4333 645 4395 13)
665 4329 723 4385 Pol.
740 4329 815 4395 XXI,
833 4334 857 4384 2.
882 4327 970 4395 XXII,
989 4334 1030 4383 14.
1054 4328 1155 4392 XXIII,
1177 4333 1255 4394 1,,11.
1281 4325 1366 4391 XXV,
1385 4330 1409 4380 2.

158 4421 263 4487 XXVI,
284 4425 307 4474 8.
341 4421 428 4488 XXX,
451 4426 488 4476 11.
523 4422 624 4491 XXXI,
647 4429 671 4478 6.
697 4427 719 4476 8.
749 4421 875 4486 XXXIII,
893 4426 932 4474 14.
962 4421 1113 4484 XXXVIII,
1131 4424 1146 4473 2
1165 4420 1200 4473 al.
1289 4419 1408 4485 141011.

158 4513 399 4580 Verr.11,e,44.
426 4514 765 4584 htv.V111‚5.XI.11‚e.
787 4519 826 4568 14.
853 4513 984 4582 XLIILI
1007 4513 1042 4568 al.
1127 4517 1167 4577 15)
1190 4512 1247 4566 Liv.
1264 4512 1347 4576 XLV,
1367 4517 1409 4568 25.

163 4610 206 4671 16)
225 4606 318 4662 Unum
337 4611 411 4661 extat
428 4609 500 4677 apud
516 4607 573 4664 Pol.
591 4608 676 4675 XVII,
697 4613 735 4670 111,
756 4612 785 4661 10
804 4608 966 4678 exemplum,
990 4622 1007 4662 a
1030 4621 1093 4675 rege
1109 4607 1202 4660 Attalo
1219 4605 1333 4660 Romam
1351 4621 1409 4661 esse
1434 4593 1451 4640 ’-

158 4699 276 4756 missum
293 4696 385 4768 μόνον
398 4697 580 4771 Ἀλέξανδρον,
604 4701 675 4770 quod
698 4701 830 4769 quomodo
855 4702 890 4757 sil
907 4699 1106 4771 explicandum,
1129 4715 1171 4753 me
1193 4713 1278 4768 usque
1301 4699 1409 4754 adhoc
1456 4732 1464 4744 „

1169 4802 1206 4853 2*
