3424 5296
632 319 844 382 „47-

121 495 242 562 missum
264 489 315 558 sit.
360 487 439 555 (lum
461 507 538 554 vero
560 507 658 572 snpra
678 489 722 571 (p.
748 490 798 567 12)
820 486 1114 571 significaverimus,
1137 509 1251 556 munus
1273 508 1358 571 pror-

121 625 168 676 sus
194 599 408 670 necessarium
435 618 502 667 non
531 617 602 666 esse
623 597 681 666 sed
704 597 798 665 oiiicii
820 617 935 664 caussa
957 596 1036 680 dari,
1058 618 1194 683 cumque
1215 601 1359 684 accedat,

121 714 196 799 quod
228 719 261 780 ct
289 711 431 778 muneris
462 708 597 793 pretium
629 707 753 774 varium
782 713 831 774 est
858 715 890 774 et
918 707 1028 774 Livius
1056 714 1209 793 semper¹t
1239 719 1359 794 narrat,

117 835 183 913 port
217 832 360 887 renatam
400 817 576 905 praebitura
615 823 723 901 patres
761 837 895 884 munera
936 818 1051 903 legatis
1093 821 1176 887 mitti
1218 822 1359 906 iussisse,

120 933 259 1002 concludi
280 937 402 1017 potest,
426 929 468 998 de
492 927 676 995 muneribus
698 935 829 994 senatus
850 929 1057 1007 consultnm²)
1080 931 1242 1014 peculiare
1263 933 1362 1000 inisse

120 1065 200 1131 opus.
222 1080 265 1090 -

196 1155 288 1236 Quae
310 1171 380 1218 cum
403 1149 448 1216 ita
469 1148 548 1230 sint,
573 1146 656 1214 duae
677 1146 816 1214 rationes
838 1148 1012 1232 excogitari
1034 1160 1183 1236 possunt,
1207 1171 1225 1219 e
1248 1153 1362 1235 quibus

121 1273 243 1334 senatus
264 1281 323 1350 per
345 1265 547 1346 quaestorem
569 1258 725 1324 urbanum
741 1257 836 1324 sociis
850 1259 967 1342 legatis
982 1261 1154 1345 hospitium
1170 1263 1360 1347 praebuerit.

121 1381 179 1444 not
204 1373 306 1457 enim,
336 1369 587 1456 quotiescunque
616 1367 771 1434 sociorum
798 1369 923 1452 legatos
951 1371 1073 1438 Romae
1101 1374 1362 1459 appropinquare

120 1489 245 1554 allatum
269 1488 347 1564 erat,
371 1484 520 1564 quaestor
542 1484 689 1546 senatum
704 1477 794 1562 adiit,
816 1485 851 1544 ut
865 1479 926 1546 sibi
941 1487 1085 1566 potestas
1101 1483 1238 1566 daretur,
1262 1483 1363 1550 dandi

32 1645 33 1658 ,
121 1593 361 1664 advenientibus
388 1589 505 1674 legatis
531 1587 605 1654 loca
632 1588 796 1671 lautiaque
823 1597 879 1656 aut
906 1611 966 1657 sua
1000 1600 1114 1678 sponte
1150 1614 1205 1661 eos
1240 1595 1274 1661 in
1306 1616 1363 1679 pu-

120 1709 231 1774 blicum
260 1703 434 1788 hospitium
463 1699 621 1766 deducere
649 1700 761 1782 potuit.
805 1700 870 1768 Sed
893 1722 964 1768 cum
986 1705 1162 1788 permultae
1184 1705 1362 1788 legationes

122 1818 191 1884 anni
205 1811 364 1901 principio
379 1812 514 1876 Romam
529 1811 640 1875 venire
655 1808 788 1893 soleant,
813 1811 947 1895 cogitari
961 1815 1016 1880 rix
1032 1822 1145 1898 potest,
1162 1823 1362 1898 quaestorem

32 1949 34 1998 μ
121 1928 270 1993 urbanum
294 1924 335 1990 de
357 1921 492 2004 singulis
514 1926 660 1986 sonatum
679 1918 809 2004 adiisse,
832 1921 889 1987 sed
905 1924 1005 1988 multo
1020 1925 1197 2009 simplicius
1212 1932 1244 1993 et
1257 1927 1364 2010 aptius

32 2087 34 2096 ,
74 2082 78 2090 -
122 2057 187 2106 esso
206 2035 341 2117 videtur,
365 2039 566 2115 quaestorem
588 2031 773 2108 urbanumn
795 2051 854 2097 sua
875 2039 991 2116 sponte
1012 2034 1128 2117 legatis
1146 2036 1217 2102 loca
1232 2037 1362 2114 lautia⁴l

32 2189 34 2216 .
122 2146 280 2230 praebere,
304 2150 377 2229 post
399 2149 544 2210 senatum
565 2161 643 2208 vero
666 2140 775 2207 datum
798 2161 870 2207 eum
893 2162 1027 2210 munera
1048 2145 1174 2212 mittere
1198 2151 1365 2215 esenatus

32 2281 34 2336 j
124 2256 260 2322 consulto
283 2275 304 2320 a
325 2253 458 2321 consule
479 2257 535 2318 aut
549 2259 696 2337 praetore
711 2251 813 2318 iuberi
821 2253 853 2330 ⁸).
887 2253 1019 2336 Propter
1034 2255 1272 2322 multitudinem
1287 2278 1364 2323 vero

122 2368 294 2449 legatorum
317 2367 464 2430 senatum
486 2360 677 2446 adeuntium
691 2363 919 2447 posterioribus
933 2365 1130 2447 temporibus
1145 2367 1365 2433 locumlautia

122 2496 183 2541 non
202 2475 265 2540 iam
287 2474 435 2558 praebita
457 2491 537 2553 esse,
561 2471 644 2537 Plut.
660 2492 689 2555 q.
705 2473 742 2538 R.
758 2476 798 2538 43
818 2474 962 2555 quamvis
977 2473 1103 2557 reserat,
1126 2484 1234 2542 tamen
1249 2477 1364 2560 quibus

122 2584 310 2670 temporibus
341 2602 411 2649 mos
445 2581 501 2648 ille
531 2581 564 2646 in
593 2579 834 2648 desuetudinem
863 2583 987 2648 venerit
1015 2591 1101 2651 certe
1130 2587 1281 2654 constitui
1309 2589 1365 2654 vix

122 2701 221 2780 potest
230 2695 263 2772 ⁶).

201 2835 230 2896 2.
251 2829 377 2893 Meam.

203 2941 400 3024 Utmunera
421 2919 552 3021 publica
572 2956 593 3002 a
615 2937 709 3003 sociis
730 2938 864 3003 Romam
887 2939 985 3005 missa
1006 2959 1118 3024 supra,
1145 2941 1191 3007 ita
1211 2942 1272 3008 boc
1294 2944 1365 3009 loco

125 3071 250 3117 munera
271 3047 459 3116 aRomauis
481 3048 559 3114 data
580 3042 645 3113 una
666 3046 806 3126 tabula⁷)
828 3049 1070 3133 complectenda
1089 3071 1160 3118 osse
1175 3053 1365 3119 censuimus.

190 3289 212 3352 1)
234 3284 327 3339 Livius
351 3289 393 3338 ter
416 3287 518 3350 narrat,
544 3283 679 3338 sociorum
696 3283 792 3351 legatis
809 3283 871 3339 loca
887 3283 974 3338 lautia
990 3300 1051 3340 esse
1068 3286 1144 3352 data,
1163 3287 1316 3356 quindecies
1334 3303 1367 3343 ea

126 3377 229 3444 omittit,
254 3393 326 3447 quae
350 3377 441 3431 statim
465 3377 529 3431 data
546 3391 605 3431 esse
622 3391 671 3445 per
688 3391 717 3430 se
734 3375 910 3445 intellegitur,
932 3383 960 3432 et
979 3378 1048 3432 nibil
1070 3383 1175 3447 narrat,
1198 3381 1252 3436 nisi
1274 3387 1366 3450 patres

32 3471 33 3496 ³
126 3487 230 3525 munera
245 3471 315 3525 mitti
331 3469 453 3524 iussisse.
540 3472 565 3533 2)
589 3469 647 3524 Liv.
666 3469 771 3536 XXXI,
789 3474 813 3524 9.
849 3465 978 3524 ‘Munera
1001 3471 1097 3526 deinde
1117 3473 1213 3540 legatis
1237 3474 1366 3544 (Philippi

126 3564 198 3632 regis)
219 3565 248 3619 in
266 3563 386 3632 singulos
404 3563 515 3632 quinum
532 3562 645 3618 millium
665 3563 735 3617 aeris
753 3579 791 3617 ex
807 3568 917 3618 emotas
939 3563 1062 3618 consulto
1085 3561 1188 3619 missa’.
1264 3571 1289 3632 3)
1313 3568 1366 3635 Qui

32 3697 34 3716 t
127 3660 208 3712 essent
228 3657 308 3724 socii,
335 3661 463 3725 quaestor
485 3657 607 3711 urbanus
628 3671 684 3710 non
700 3657 845 3711 nesciebat.
868 3674 892 3711 v.
910 3655 1081 3712 Mommseni:
1103 3657 1179 3722 Rom.
1198 3659 1311 3714 Staatsr.
1329 3661 1364 3726 II,

32 3763 34 3830 ᾖ
128 3753 149 3813 2,
166 3755 220 3805 513.
290 3753 316 3816 t)
334 3748 364 3802 Si
382 3749 488 3804 senatui
504 3749 621 3818 placuit,
646 3749 675 3804 in
692 3749 771 3804 aedes
789 3749 888 3804 liberas
905 3751 1009 3818 legatos
1027 3765 1086 3805 esse
1103 3751 1283 3820 deducendos,
1302 3753 1367 3820 quid

32 3843 34 3868 l
127 3841 240 3912 impedit,
259 3843 402 3912 quominus
419 3847 559 3912 putemus,
582 3847 647 3912 post
663 3847 788 3898 senatum
806 3843 898 3896 datum
922 3849 1089 3912 quaestorem
1108 3859 1152 3898 eos
1171 3859 1186 3898 e
1203 3845 1270 3900 locis
1288 3847 1367 3901 solle-

127 3936 225 3992 mnibus
241 3935 270 3990 in
288 3935 368 3990 aedes
385 3936 484 3991 liberas
502 3936 663 3992 deduxisse?
741 3943 767 4004 5)
790 3937 886 4004 Itaque
907 3935 935 3988 in
957 3941 1076 3990 extrema
1099 3942 1177 4004 parte
1195 3943 1316 3994 sotorum
1334 3941 1367 3994 de

128 4031 200 4084 sociis
216 4030 351 4084 tactorum
368 4044 475 4099 semper
492 4029 526 4084 de
543 4031 661 4084 muneris
678 4045 794 4096 summa,
815 4044 951 4097 nunquam
968 4029 1001 4083 de
1018 4030 1079 4084 loco
1096 4030 1188 4085 lautiis
1205 4033 1305 4086 mentio
1327 4033 1365 4086 fit.

32 4123 33 4128 ’
128 4125 157 4188 tv.
173 4123 242 4178 infra
262 4139 289 4192 p.
309 4125 362 4186 70.)
396 4122 493 4177 Reinio
515 4138 577 4178 vero
601 4126 635 4189 (v.
652 4123 761 4193 Paulyi:
789 4122 916 4178 Realenc.
939 4123 985 4188 IV,
1011 4127 1070 4190 849)
1094 4125 1251 4192 arbitranti,
1277 4127 1367 4180 locum

32 4219 34 4298 ζ
128 4215 205 4270 lautia
229 4221 255 4270 et
276 4229 389 4270 munera
411 4213 607 4284 posterioribus
633 4216 799 4284 temporibus
826 4231 882 4271 uon
909 4231 967 4271 essa
989 4217 1052 4272 data
1074 4218 1169 4284 sociis,
1195 4218 1248 4272 nisi
1270 4223 1366 4272 senatu

133 4307 214 4377 adito,
235 4309 294 4364 ideo
313 4307 438 4363 assentiri
454 4323 509 4362 uon
525 4323 677 4377 possumus,
696 4310 767 4377 qnod
784 4309 884 4363 Rhodii
900 4309 969 4375 (Lir.
987 4308 1069 4372 XLV,
1087 4315 1119 4364 20
1137 4327 1208 4364 unus
1226 4313 1268 4364 est
1289 4307 1366 4364 locus

130 4417 200 4468 quem
221 4401 333 4460 Reinius
358 4400 446 4468 affert)
467 4405 558 4457 utnum
579 4401 646 4457 socii
663 4407 753 4456 essent
770 4416 856 4456 necne
873 4418 928 4456 non
945 4407 1021 4457 extra
1039 4403 1232 4458 dubitationem
1249 4402 1367 4471 positum

32 4515 33 4548 r
130 4499 182 4548 erat
195 4485 287 4564 itaque
304 4511 360 4550 non
376 4495 474 4549 mirum
491 4499 545 4562 est,
569 4496 640 4563 quod
656 4494 694 4548 M.
711 4495 805 4550 Iunius
824 4496 918 4550 consul
934 4500 1027 4566 patres
1046 4495 1169 4560 consulit,
1196 4511 1259 4550 num
1276 4495 1366 4550 locum

32 4581 34 4658 J
129 4586 207 4643 lautia
230 4593 407 4658 senatumque
425 4588 490 4644 deut
512 4589 529 4643 i.
547 4605 571 4642 c.
588 4605 653 4642 num
670 4588 791 4643 Rhodios
813 4588 933 4644 habeant
957 4589 1052 4644 socios.
1140 4593 1166 4654 6)
1189 4588 1231 4642 De
1254 4594 1365 4644 munere

32 4703 34 4728 r
129 4695 150 4732 r.
167 4696 192 4749 p.
211 4687 251 4736 50.
320 4686 347 4749 t)
364 4681 460 4736 Omnia
475 4681 533 4736 iere
548 4683 603 4738 iam
620 4681 813 4736 Mommsenus:
832 4681 909 4737 Rom.
924 4683 1035 4738 Forsch.
1053 4682 1075 4749 I,
1094 4687 1142 4737 345
1161 4683 1301 4737 enarravit.
