3424 5296
786 313 995 377 ...38-

353 482 467 566 Itaque
494 503 566 550 cum
588 484 722 550 Romam
749 481 885 546 allatum
913 486 1013 561 esset,
1044 479 1183 546 hostium
1211 481 1335 562 legatos
1365 476 1407 544 de
1434 497 1522 562 pace

268 595 388 659 Romae
410 593 481 658 urbi
502 594 727 678 propinquare,
749 611 890 658 summus
908 591 1111 674 magistratus
1126 596 1272 658 senatum
1286 587 1520 672 interrogabat,

268 701 346 786 quid
368 702 398 769 ei
419 702 469 768 his
491 701 533 769 de
554 702 671 785 legatis
692 703 834 785 placeret
842 703 873 776 ¹).

289 974 329 1039 D.
359 973 601 1057 Populorum
627 972 692 1056 qui
714 972 957 1039 societatem
979 991 1063 1036 cum
1084 969 1275 1040 Romanis
1297 969 1404 1035 inire
1425 988 1493 1034 vo·

736 1083 885 1149 lebant
905 1083 1050 1166 legati.

352 1241 506 1321 Quamvis
527 1241 710 1308 testimonia
731 1263 797 1308 non
819 1248 939 1325 extent,
962 1241 1121 1326 quomodo
1142 1240 1258 1324 legatis
1272 1239 1316 1306 ad
1330 1239 1521 1306 societatem

267 1351 450 1419 faciendam
471 1353 606 1417 Romam
627 1351 831 1418 venientibus
854 1352 978 1418 occasio
1000 1350 1056 1418 fiat
1072 1356 1218 1418 senatum
1233 1349 1385 1432 adeundi,
1408 1356 1522 1438 tamen

267 1461 289 1525 ii
311 1461 476 1545 videntur,
505 1482 635 1547 prorsus
656 1469 692 1528 ut
712 1463 807 1546 socii,
835 1464 973 1546 primum
994 1468 1196 1545 quaestorem
1219 1460 1337 1526 deinde
1358 1478 1521 1526 summum
1582 1445 1598 1464 '

268 1572 487 1655 magistratum
509 1572 628 1639 adiisse
649 1592 670 1638 a
691 1591 753 1654 quo
775 1573 809 1637 in
831 1577 978 1638 senatum
999 1569 1283 1638 introducerentur.

762 2517 931 2596 CAPUT
958 2519 1025 2594 VI.

352 2720 411 2786 DE
433 2719 565 2788 DONIS
587 2719 783 2788 PUBLIGIS
805 2723 835 2787 A
856 2721 1043 2788 LEGATIS
1065 2720 1217 2788 ROMAM
1237 2720 1430 2787 ALLATIS.

267 2923 307 2988 A.
331 2921 538 2990 Sociorum
560 2925 697 3008 legati.
741 2925 882 3008 Reges.
926 2926 1165 3010 Populorum
1188 2926 1251 3009 qui
1274 2925 1519 2992 societatem

293 3031 295 3036 ’
635 3034 742 3100 inire
763 3035 982 3118 volebant,
1004 3036 1148 3120 legati.

357 3214 379 3262 l.
408 3207 535 3277 Quibus
559 3208 799 3265 occasionibus
823 3209 915 3266 datis
938 3211 1030 3266 dona
1052 3210 1190 3266 Romam
1211 3210 1324 3266 allata
1345 3224 1431 3266 esse.

354 3373 384 3420 a.
418 3353 498 3418 Post
524 3355 686 3438 vc'ctoriom
715 3365 910 3440 reportatum
939 3359 1010 3422 cum
1039 3377 1108 3423 mos
1138 3365 1237 3438 esset,
1271 3363 1306 3422 ut
1333 3357 1520 3442 imperatori

268 3465 414 3530 Romano
455 3463 568 3530 victori
605 3485 742 3532 coronae
779 3467 989 3550 triumphales
1031 3487 1135 3550 ,quae
1167 3468 1341 3550 antiquitus
1374 3488 1393 3533 e
1425 3468 1521 3533 lauru

270 3580 371 3657 erant,
395 3579 467 3657 post
488 3574 555 3641 fieri
578 3595 619 3642 ex
634 3596 712 3641 auro
727 3583 860 3661 coeptae
875 3582 969 3643 sunt“
991 3583 1104 3660 gentes
1119 3577 1225 3646 sociae
1247 3599 1325 3662 ,pro
1342 3579 1407 3644 suls
1422 3597 1522 3660 quae·

269 3704 331 3768 que
351 3683 578 3751 facultalibus<
599 3685 778 3763 efferrens)
801 3665 915 3752 mirum
930 3709 995 3754 non
1010 3697 1067 3772 est,
1090 3688 1177 3772 quod
1190 3693 1302 3771 gentes
1317 3690 1451 3754 Romam
1465 3707 1523 3754 ve·

268 3794 395 3861 aientes
418 3793 459 3862 de
480 3815 598 3878 magna
620 3796 752 3862 victoria
773 3797 967 3880 gratulatum
990 3798 1075 3864 dona
1095 3797 1311 3882 afferebant'),
1334 3817 1417 3880 quae
1437 3799 1523 3864 acci·

269 3921 346 3987 pere
365 3904 501 3970 Romani
522 3925 587 3972 non
610 3905 767 3972 dubitant.
810 3907 862 3972 Ita
883 3928 953 3974 oum
977 3909 1069 3976 donis
1091 3909 1223 3975 veniunt
1244 3909 1358 3992 legati:

340 4212 364 4270 t)
382 4206 446 4262 Sall.
459 4206 516 4276 Ing.
530 4212 571 4263 28.
641 4211 667 4276 2)
684 4207 753 4277 dell
770 4209 805 4264 N.
824 4209 856 4263 A.
875 4209 908 4277 V,
926 4215 950 4265 6.
977 4210 1033 4266 Pol.
1051 4211 1139 4276 XXII,
1159 4216 1199 4265 lt.
1228 4209 1287 4264 Lis.
1305 4208 1457 4278 XXXVIII,
1476 4213 1521 4264 37.

271 4299 398 4363 XXXIX,
411 4305 434 4355 6.
464 4300 518 4356 Cic.
537 4301 565 4356 iu
582 4301 672 4358 PIson.
692 4301 831 4370 XXXVII,
850 4307 890 4357 90.
918 4320 941 4358 v.
959 4303 1067 4374 Paulyi:
1086 4303 1294 4369 Realenc.1,2‚
1312 4307 1387 4358 2182,
1406 4303 1520 4372 Langti:

271 4392 305 4446 R.
323 4395 355 4447 A.
372 4393 421 4461 111,
439 4397 498 4449 aet.
567 4400 592 4459 3)
609 4395 704 4463 Itaque
721 4399 795 4451 recte
813 4396 851 4450 ait
863 4395 1031 4466 Astymedes,
1050 4395 1217 4452 Rhodiorum
1233 4396 1375 4465 legationis
1393 4397 1523 4466 princeps

271 4485 340 4548 (Lis.
357 4485 442 4552 XLV,
460 4491 503 4552 22)
521 4488 894 4557 ,anteadarthaglniensibus
905 4488 992 4557 victis,
1004 4489 1140 4559 Philippo,
1151 4489 1287 4545 Antiocho
1305 4489 1439 4560 superatis
1457 4505 1523 4546 eum

271 4575 385 4633 Romam
402 4579 566 4637 venmsemus
584 4597 617 4637 ex
634 4580 744 4651 publico
759 4581 877 4652 hospitio
894 4581 923 4636 iu
942 4582 1043 4637 curiam
1059 4583 1224 4652 gratulatum
1238 4583 1323 4650 sablo,
1341 4587 1433 4655 patres
1452 4599 1523 4639 corr·

272 4671 378 4741 scripti,
396 4685 430 4726 ex
448 4672 524 4728 curia
541 4673 570 4728 in
587 4673 749 4744 GapItolium
766 4675 801 4730 ad
818 4675 883 4732 deos
900 4681 1005 4732 vestros
1023 4676 1096 4732 dona
1110 4677 1247 4747 serentes.
1259 4720 1264 4732 .
1276 4718 1282 4730 .
1293 4683 1314 4731 .“
