3424 5296
701 309 911 369 ..15-

179 479 342 564 privatum
362 476 587 562 publicumque
608 475 827 558 contulissent,
850 475 891 539 ob
913 472 947 538 id
967 471 1114 540 meritum
1137 470 1326 539 aRomanis
1347 469 1431 534 inter

180 590 248 656 alia
269 587 523 673 spectaculorum
545 581 648 652 locuni
670 586 705 652 in
726 591 840 652 senatu
848 587 869 663 ¹)
898 583 1007 650 datum
1030 600 1112 665 esse,
1134 583 1276 656 Iustinus
1298 581 1429 663 (XLIII,

182 703 212 780 5,
239 701 290 777 10)
313 697 431 765 diserte
452 695 594 762 tradidit.

267 807 333 876 Sed
360 828 426 874 non
455 808 558 874 solum
586 804 740 885 elustini
760 804 870 872 verbis
890 803 941 870 his
963 804 1025 882 „ob
1048 802 1133 886 quod
1154 803 1301 870 meritum
1324 807 1355 866 ct
1375 801 1432 866 im-

179 918 321 986 munitas
352 917 418 984 illis
449 917 578 984 decreta
610 923 643 982 ct
674 915 763 981 locus
795 914 1047 999 spectaculorum
1075 914 1108 978 in
1137 919 1252 980 senatu
1280 911 1374 977 dctus
1402 917 1434 978 et

180 1029 296 1096 foedus
317 1047 419 1111 aequo
440 1027 509 1094 iure
531 1030 738 1110 percussnm“
759 1032 910 1108 apparet,
936 1034 1031 1088 cotra
1054 1023 1193 1090 foederis
1215 1025 1286 1089 iura
1307 1041 1433 1090 conoes-

181 1159 252 1206 sum
275 1158 347 1206 esse
368 1139 523 1224 honorem
544 1137 636 1202 illum
658 1135 931 1216 Massiliensibus,
959 1133 1018 1200 sed
1040 1135 1137 1201 etiam
1158 1135 1193 1200 in
1215 1135 1290 1201 Scto
1313 1133 1353 1198 dc
1374 1133 1433 1198 As·

182 1248 331 1333 clepiadc
353 1253 411 1314 eet.
432 1267 474 1313 nc
495 1247 628 1314 verbnm
651 1246 778 1329 quidem
800 1244 937 1311 inveniri
959 1250 1065 1328 potest
1088 1244 1128 1312 de
1149 1246 1207 1311 tali
1225 1245 1434 1312 bonoreccn·

182 1378 283 1425 cesso.
325 1357 475 1439 Accedit,
506 1356 591 1440 quod
621 1357 717 1424 etiam
746 1357 971 1440 imperatorum
1000 1356 1198 1439 temporibus
1224 1355 1307 1421 alius
1328 1354 1433 1437 gentis

181 1467 281 1550 legati
303 1467 483 1551 promiscue
503 1467 709 1551 spectabant,
732 1467 815 1532 alius
836 1467 923 1543 (Tac.
945 1465 1030 1532 Anu.
1053 1465 1143 1548 XllI,
1167 1471 1208 1531 54
1231 1486 1338 1528 carum
1358 1485 1433 1548 μοι·

182 1579 259 1640 tium
280 1578 396 1660 legalis
417 1576 453 1642 id
467 1577 597 1644 honoris
614 1575 733 1658 datum,
758 1596 838 1662 qaae
852 1577 968 1640 virtute
982 1585 1015 1638 ct
1029 1577 1166 1639 amicitia
1180 1576 1326 1640 Romanu
1337 1597 1433 1660 prae·

183 1670 345 1771 callerent)
366 1687 449 1753 inter
471 1693 644 1753 senatores.
686 1773 689 1779 ,

269 1797 383 1880 Itaque
404 1797 482 1862 item
506 1795 645 1862 Caesare
666 1796 807 1876 consule,
830 1795 988 1874 Iudaeis²l
1011 1817 1152 1862 summus
1173 1796 1225 1862 hic
1247 1796 1349 1861 honor
1371 1795 1434 1862 sin·

181 1909 288 1992 gulari
310 1907 438 1974 decreto
462 1906 642 1973 decernitur
663 1906 739 1971 boc:
764 1903 924 1969 δίδοσθαι
945 1929 981 1970 τε
1000 1903 1141 1988 Ὑρκανῷ
1164 1905 1216 1970 καὶ
1241 1903 1341 1970 παισὶ
1362 1913 1434 1982 τοῖς

184 2013 286 2082 αὐτοῦ
316 2014 373 2082 καὶ
401 2021 621 2100 πρεσβευταῖς
650 2024 721 2091 τοῖς
749 2006 812 2079 ’ὑπ’
846 2007 946 2080 αὐτοῦ
971 2019 1182 2100 πεμφθεῖσιν
1209 2013 1243 2080 ἓν
1266 2039 1302 2080 σε
1323 2016 1433 2101 πυγμῇ

181 2124 380 2210 μονομάχων
403 2127 455 2192 καὶ
472 2122 601 2211 θηρίων
617 2122 852 2206 καθεζομένοις
866 2123 950 2206 μετὰ
965 2126 1030 2190 σῶν
1046 2126 1264 2212 συγκλητικῶν
1280 2130 1432 2208 θεωρεῖν.
1479 2127 1480 2130 ’

269 2237 359 2318 Quae
381 2256 453 2302 cum
473 2237 521 2302 ita
542 2236 621 2316 sint,
651 2233 730 2301 mihi
751 2255 940 2320 persuasum
963 2243 1027 2318 cst,
1056 2236 1141 2303 hunc
1162 2237 1261 2302 fuisse
1282 2235 1435 2301 honorem

182 2367 251 2412 non
271 2349 342 2430 ipso
362 2346 502 2430 hospitio
516 2347 600 2412 facto
624 2345 742 2427 datum,
766 2345 824 2412 sed
839 2354 970 2432 propter
984 2348 1097 2412 merita
1111 2348 1272 2430 plerisque
1287 2346 1435 2429 gentibus

182 2457 387 2524 amicissimis
408 2457 539 2540 insuper
561 2455 682 2520 datum.

270 2567 307 2631 B.
328 2565 490 2641 Foedcs³).

270 2675 501 2742 Firmissimum
523 2675 702 2758 vinculum,
725 2695 787 2758 quo
810 2678 947 2760 populus
969 2677 1040 2760 quis
1062 2697 1133 2742 cum
1155 2679 1370 2744 Romanorum
1393 2679 1435 2744 ci-

184 2785 287 2854 vitate
302 2786 451 2868 coniungi
475 2793 592 2869 posset,
615 2785 673 2850 fuit
685 2785 817 2868 foedus.
850 2789 897 2852 Eo
911 2788 995 2854 enim
1013 2788 1075 2852 icto
1090 2787 1237 2853 civitates
1251 2810 1315 2853 non
1331 2790 1434 2854 solum

184 2897 318 2980 hospitii
339 2898 417 2976 iure,
441 2895 500 2961 sed
522 2897 616 2962 etiam
641 2894 743 2962 officio
765 2896 799 2961 in
822 2897 916 2963 bellis
930 2897 1080 2980 gerendis
1095 2899 1249 2964 auxilium
1263 2899 1436 2974 foederatis

183 3005 310 3072 ferendi
331 3005 535 3072 iureiurando
557 3006 671 3083 iacto⁴l
691 3007 820 3072 iunctae
842 3014 941 3074 erant.

271 3116 409 3181 Senatus
431 3122 537 3182 autem
557 3135 597 3182 ex
612 3115 800 3182 anctoritate
822 3119 1004 3201 populoque
1026 3118 1156 3184 iubente
1177 3126 1232 3185 aut
1253 3120 1378 3187 fetiales
1400 3141 1436 3188 se

184 3227 389 3294 contulerunt
419 3245 457 3292 eo
485 3225 540 3292 ubi
563 3226 675 3292 foedus
697 3226 787 3292 ficret
809 3235 864 3293 aut
886 3229 1007 3294 Romae
1028 3229 1060 3292 in
1083 3230 1209 3294 comitio
1231 3231 1434 3296 iureiurando

184 3341 220 3403 et
242 3356 332 3403 sacro
354 3335 532 3414 faciundo⁶l
553 3335 665 3402 foedus
686 3337 928 3414 sanciebatnr⁰b

187 3488 494 3501 -..——-.-...-

260 3575 282 3636 1)
300 3587 324 3625 r.
343 3569 400 3624 Lir.
418 3569 440 3636 Ι,
459 3574 499 3632 35,
519 3573 543 3623 8.
579 3569 690 3637 Langii:
713 3571 746 3625 R.
764 3570 797 3625 A.
816 3572 863 3638 11²,
884 3575 938 3626 199.
974 3571 1168 3642 Marquardtii:
1186 3572 1292 3628 Handb.
1311 3574 1357 3640 IV,
1376 3581 1435 3630 530.

185 3670 213 3728 2)
229 3665 282 3719 Ιοε.
300 3664 332 3716 A.
350 3663 371 3716 I.
390 3662 464 3728 XIV,
476 3667 514 3728 10,
531 3668 555 3723 6,
572 3679 598 3731 p.
611 3667 660 3718 236
678 3664 764 3718 Bekis.
791 3681 815 3718 v.
832 3665 1049 3720 Mendelssohni:
1073 3665 1160 3720 senati
1178 3667 1301 3720 consulta
1313 3666 1436 3722 Romana

184 3774 213 3828 p.
224 3761 274 3811 229
288 3773 338 3825 σο,
355 3772 383 3824 p.
397 3759 455 3810 236.
514 3760 540 3818 3)
557 3756 600 3810 Dc
618 3758 738 3812 amicitr'c
754 3776 778 3812 v.
791 3774 817 3826 p.
829 3764 843 3812 5
853 3757 915 3813 adn.
925 3763 949 3811 4.
1000 3763 1026 3824 4)
1044 3757 1216 3813 Mommseni:
1235 3759 1311 3812 Rbm.
1322 3759 1435 3815 Forsch.

183 3857 206 3906 t.
223 3850 247 3916 Ι,
264 3866 290 3919 p.
311 3853 369 3904 336.
395 3847 476 3903 Falso
496 3849 565 3903 enim
582 3849 797 3920 Marquardtius:
817 3851 1072 3920 Staatsverwaltung
1088 3858 1107 3906 t.
1125 3853 1146 3918 I,
1164 3869 1189 3921 p.
1208 3857 1240 3904 44
1258 3852 1318 3906 adn.
1339 3859 1354 3906 4
1373 3855 1438 3908 dicit

184 3943 333 4000 Romulum
350 3957 411 3996 cum
419 3941 491 3997 Alba
503 3959 558 3997 nou
570 3941 667 3998 foedus
680 3944 728 3998 sed
740 3945 884 3998 amicitiam
902 3945 1034 4013 iunxisse3
1052 3944 1105 3998 fnit
1122 3945 1192 3998 enim
1208 3945 1304 4000 foedus
1321 3961 1436 4015 acquum

183 4033 360 4091 iureiurando
378 4032 451 4088 iacto
470 4035 646 4090 constitutum
664 4037 752 4102 (Dion.
770 4037 818 4103 III,
838 4043 861 4102 3,
884 4042 913 4090 10
933 4036 994 4094 τοὺς
1012 4035 1092 4094 θεοὺς
1111 4032 1155 4094 οὓς
1174 4036 1363 4107 ἐποιησάμεθα
1380 4041 1437 4090 τῶν

187 4126 318 4182 σπονδῶν
341 4123 502 4197 μάρτυρας).
535 4128 626 4182 Etiam
648 4132 731 4198 pacta
752 4145 821 4199 quac
845 4129 991 4198 Carthago*
1004 4146 1065 4184 cum
1088 4129 1272 4186 Romanorum
1297 4131 1436 4199 republica

184 4221 326 4276 fecitduo
350 4219 418 4287 (Pol.
435 4220 484 4289 111,
502 4225 542 4288 22,
562 4226 619 4285 24),
642 4221 761 4290 hospitia
782 4223 892 4291 publica
915 4237 974 4277 esse
997 4223 1130 4278 uidentur.
1217 4227 1241 4288 5)
1263 4240 1286 4275 v.
1311 4237 1343 4276 ea
1366 4238 1436 4290 quae

185 4313 344 4370 accuratius
361 4313 414 4367 hac
432 4313 465 4368 dc
482 4329 512 4368 re
529 4313 734 4382 disputaverunt
751 4315 863 4372 Reinius
881 4315 999 4384 (Paulyir
1023 4315 1196 4387 Realencycl.
1215 4322 1233 4369 t.
1252 4315 1298 4378 ΙΙΙ,
1322 4332 1348 4384 p.
1367 4319 1436 4381 495),

185 4407 309 4475 Langius
326 4406 455 4473 (R.Al³,
473 4411 546 4477 324),
565 4405 687 4475 equidem
704 4421 737 4460 ea
754 4408 813 4462 sola
830 4409 909 4463 attuli
926 4423 995 4478 quae
1012 4410 1048 4464 ad
1064 4410 1151 4477 ipsum
1168 4408 1335 4477 propositum
1352 4409 1436 4476 perd-

185 4515 254 4554 ncre
278 4498 445 4553 ridebantur.
531 4504 556 4568 6)
580 4500 624 4553 Ad
647 4516 736 4568 regem
759 4502 805 4568 qui
829 4517 890 4556 cnm
907 4501 937 4555 P.
956 4502 989 4556 R.
1008 4501 1103 4556 foedus
1125 4502 1213 4554 Iacere
1231 4501 1338 4555 volebat
1354 4502 1436 4570 legati

184 4592 261 4648 mitti
277 4592 410 4658 solebant,
429 4593 475 4660 qui
492 4593 526 4648 cb
544 4609 577 4648 eo
595 4593 732 4661 exigerent
747 4593 934 4650 iusiurandum
953 4595 1020 4660 (Liv.
1038 4593 1189 4658 IUIXVIII,
1208 4597 1259 4658 39).
1285 4611 1309 4649 v.
1320 4595 1433 4648 Momm-

185 4685 260 4742 senir
279 4685 357 4740 Rbrn.
374 4685 487 4741 Forsch.
505 4692 525 4740 t.
541 4685 562 4754 I,
580 4704 607 4756 p.
627 4690 685 4741 336.
