3424 5296
643 239 854 300 ..55-

131 406 169 478 ‘et
189 409 249 475 duo
272 407 346 490 equi
368 403 527 489 phalerati
550 424 620 471 cum
642 404 739 472 armis
761 402 960 488 equestribus
983 411 1015 470 ct
1046 398 1252 488 agasonibns'
1276 423 1323 487 sq.
1340 411 1372 472 et

134 517 279 604 quomodo
302 517 386 583 inter
407 535 442 582 se
464 514 612 599 coniungi
634 519 766 600 possent
788 512 948 598 equestria
975 533 1065 580 arma
1087 521 1120 581 et
1147 514 1265 582 loricae
1288 515 1371 592 (Liv.

136 629 229 712 XXX,
249 630 300 706 li)
322 631 420 708 atque
441 645 496 691 our
516 631 614 692 antea
635 625 707 708 equi
729 623 889 710 phalerati
913 621 1093 690 dicerentur
1114 625 1190 692 dein
1205 624 1247 692 de
1262 645 1371 692 eorum

135 739 221 806 armis
241 753 345 804 sermo
368 741 461 818 esset,
484 753 579 802 nemo
601 733 789 818 intellegere
809 741 927 819 posset.

208 849 321 930 ltaque
348 865 407 912 nos
436 845 476 911 de
503 845 599 928 galea
628 851 660 912 et
686 864 799 930 parma
827 851 859 911 st
886 844 987 912 ocreis
1017 850 1049 912 et
1074 844 1183 929 gladIo
1207 852 1238 912 et
1267 846 1370 928 hasta,

135 959 229 1041 armis,
252 957 368 1042 quibus
390 955 512 1038 equites
534 956 568 1022 in
589 955 676 1022 bello
698 954 843 1022 instructi
866 961 966 1037 erant,
991 955 1177 1040 cogitamus.
1213 956 1371 1023 Posterio-

135 1049 212 1136 ribus
232 1086 311 1149 voro
333 1067 529 1151 temporibus
550 1085 621 1131 oum
643 1065 731 1151 apud
753 1067 914 1132 Romanos
936 1065 1036 1132 lorica
1057 1066 1233 1149 accederet,
1255 1066 1371 1132 mirum

136 1201 192 1246 non
212 1185 267 1261 cst,
292 1175 463 1260 quodiam
485 1195 513 1240 a.
538 1179 672 1252 5511203
695 1173 885 1244 Masinissae
906 1173 984 1242 bina
1006 1175 1166 1260 equestria
1188 1195 1278 1242 arma
1299 1195 1371 1242 cum

136 1289 228 1356 loricis
251 1287 380 1354 decreta
401 1291 484 1352 sunt.

210 1428 237 1490 3.
270 1423 325 1487 De
346 1420 436 1484 donc
457 1421 585 1505 Insuper
606 1421 696 1486 dotia
757 1451 759 1456 ·

209 1533 259 1600 Fit
287 1549 413 1616 quoquc
442 1538 477 1596 ut
504 1530 632 1614 regibus
661 1551 831 1616 eorumque
851 1531 1018 1597 comitibus
1039 1550 1060 1596 a
1081 1537 1195 1598 senatu
1216 1531 1372 1597 nonnulla
1481 1573 1485 1582 -

51 1651 52 1674 ¹
138 1643 193 1710 alia
217 1642 302 1708 dona
329 1643 382 1708 vcl
410 1639 566 1708 beneficia
594 1641 782 1708 tribuantur.
827 1642 877 1707 lta
900 1641 1065 1708 Gallorum
1093 1640 1258 1707 cuiusdam
1286 1641 1372 1724 regis

138 1754 205 1829 (Lis.
226 1752 344 1836 XLIII,
369 1755 400 1831 5)
430 1757 462 1817 51
482 1750 657 1834 Masgabae
678 1751 868 1818 MasinIssac
896 1750 952 1816 filii
974 1751 1141 1818 comitibus
1164 1751 1246 1829 (Liv.
1269 1751 1370 1828 XLV,
1413 1765 1425 1775 ”

143 1866 182 1938 14)
202 1861 308 1929 liberis
330 1861 494 1944 servisque
509 1863 700 1928 vestimenta
722 1867 796 1926 sunt
819 1859 910 1941 data3
933 1861 1107 1944 Misagenis
1129 1881 1217 1943 vero,
1239 1861 1370 1928 alterius

51 2045 53 2074 ⁸
139 1973 312 2039 Masinissae
333 1972 400 2055 filii,
424 1972 592 2038 comitibus
612 1971 775 2055 impensas
796 1970 975 2037 liberaliter
996 1991 1067 2037 csse
1088 1971 1262 2056 praebitas,
1285 1971 1372 2054 equi·

51 2107 53 2128 ·
138 2083 211 2149 tibus
230 2103 305 2149 vero
327 2083 472 2166 singulas
494 2081 619 2164 argenti
640 2081 740 2148 libras
763 2087 795 2146 et
809 2079 987 2164 quingenos
1002 2081 1055 2146 HS
1071 2088 1269 2166 quaestorem
1293 2080 1372 2147 dare

139 2193 243 2260 iussum
266 2212 347 2276 esse,
364 2193 435 2258 Val.
451 2192 536 2258 Max.
549 2192 587 2257 V.
609 2191 635 2271 Ι,
654 2195 668 2254 1
692 2189 799 2256 tradit.
817 2193 978 2274 -Reges
1000 2196 1118 2272 autem,
1141 2212 1219 2275 quos
1241 2197 1371 2260 senatus

139 2304 269 2371 omnibus
284 2303 460 2369 honoribus
471 2301 580 2368 colere
593 2301 732 2383 volebat,
757 2305 789 2366 et
811 2307 1012 2383 quaestorem
1033 2300 1153 2367 iussum
1176 2323 1246 2390 5555
1263 2322 1371 2387 prose·

139 2413 198 2495 qui,
225 2414 326 2480 donec
347 2431 447 2480 naves
470 2410 732 2478 conscendissent
754 2415 786 2476 et
807 2410 846 2476 iis
869 2430 969 2477 naves
992 2411 1141 2492 conduci,
1171 2413 1286 2496 quibus
1307 2411 1370 2496 ipsi

139 2524 316 2606 comitesque
345 2525 379 2589 in
408 2522 546 2606 patriam
574 2519 817 2606 deueherentur,
848 2521 958 2588 Liuius
986 2523 1150 2589 nonnullis
1179 2524 1258 2589 locis
1289 2523 1370 2601 (Lis.

138 2633 224 2716 1151,
245 2640 292 2700 14.
316 2637 367 2701 20.
391 2637 443 2706 44)
466 2629 607 2698 tradidit.

211 2745 341 2812 Prusiae
373 2747 480 2808 autem
518 2747 648 2808 senatus
680 2740 818 2822 censuit,
852 2740 998 2808 victimas
1030 2741 1173 2822 aliaque,
1212 2762 1294 2824 quae
1327 2742 1371 2807 ad

52 2837 53 2868 ¹
139 2852 546 2952 sasleiumpertincrent,
574 2869 631 2917 555
653 2851 775 2916 Romae
797 2869 855 2917 scu
876 2851 1051 2917 Praeneste
1072 2852 1238 2917 immolare
1260 2853 1370 2934 vellet,

52 2993 55 3024 r
140 2980 173 3026 ex
202 2963 326 3047 publico
361 2981 432 3028 esse
464 2960 651 3045 praebenda
683 2959 763 3034 (Liv.
793 2959 893 3043 XLV,
928 2964 990 3038 44).
1023 2996 1065 3007 -
1101 2961 1246 3044 Denique
1278 2981 1371 3044 reges

140 3081 326 3154 aegrotantes
353 3094 374 3139 a
402 3078 570 3156 quaestore
591 3069 695 3137 curari
717 3077 749 3135 et
770 3077 910 3136 mortuos
932 3070 1060 3154 publice
1081 3072 1227 3155 sepeliri,
1256 3091 1314 3156 per
1336 3091 1372 3138 se

53 3201 54 3274 3
141 3189 224 3262 patet.
255 3188 296 3262 (v.
310 3183 383 3248 Val.
406 3184 491 3248 Max.
508 3181 546 3245 V.
569 3181 594 3264 I,
620 3187 647 3246 1.
691 3179 774 3246 Ρ151.
797 3201 826 3264 q.
850 3183 887 3246 R.
910 3182 1042 3260 XLIII).

540 3390 574 3457 Ο.
608 3391 791 3458 Hostium
815 3391 969 3496 legati.

211 3543 352 3611 Hostium
374 3543 500 3626 legatos
523 3542 563 3610 dc
578 3563 658 3628 paee
673 3542 822 3609 iacienda
836 3545 970 3610 Romam
992 3551 1181 3628 appetentes
1203 3545 1236 3609 in
1259 3545 1370 3611 urbem

54 3647 55 3703 ἒ
142 3671 285 3736 nunquam
313 3633 502 3735 intromitti,
532 3653 590 3719 scd
619 3655 652 3718 in
680 3653 760 3719 villa
782 3654 910 3737 publica
932 3661 1007 3721 ante
1036 3655 1147 3720 urbem
1176 3674 1320 3739 manere,
1351 3674 1369 3722 e

55 3777 56 3816 1
142 3761 208 3830 locis
226 3763 511 3830 innumerabilibus
520 3767 541 3841 ¹)
564 3769 708 3847 apparet.
745 3763 810 3829 Sed
833 3784 903 3829 cum
920 3764 1037 3830 cLivii
1053 3765 1107 3847 (II,
1125 3767 1155 3840 3)
1171 3765 1371 3849 aliorumque

143 3872 311 3956 scriptorum
335 3871 429 3950 (Plin.
453 3873 492 3938 N.
510 3873 548 3939 H.
561 3873 632 3954 VII,
656 3877 706 3937 24.
741 3872 805 3939 015.
821 3876 914 3940 Τ555.
937 3874 962 3955 Ι,
986 3878 1038 3952 24)
1060 3875 1250 3941 testimoniis
1271 3896 1371 3963 appa·

55 3997 56 4014 1
143 3989 206 4064 reat,
227 3991 257 4051 et
270 3983 437 4066 Tarquinii
460 3983 595 4067 Superbi
619 3984 742 4067 legatos
765 3983 850 4067 regis
871 3983 957 4049 bona
978 3981 1161 4067 repetentes
1184 3992 1216 4051 et
1238 3985 1368 4053 Cineam

144 4087 238 4174 Pyrrhi
252 4094 391 4177 legatum
407 4092 441 4157 in
456 4092 528 4177 ipsa
542 4093 621 4162 urbe
636 4093 742 4176 151555,
765 4093 923 4178 prioribus
938 4095 1134 4178 temporibus
1149 4097 1235 4164 hunc
1249 4117 1369 4163 morem

200 4327 397 4395 5515151111,
415 4331 457 4383 m.
484 4327 612 4395 xxxin,
632 4332 673 4381 54.
700 4325 825 4394 xxxiv,
844 4333 885 4384 45.
907 4327 979 4397 XLI,
995 4334 1035 4383 rt.
1057 4329 1143 4396 XLII,
1163 4334 1204 4385 55.
1225 4329 1369 4398 1151555.

57 4435 58 4440 ¹
144 4413 189 4470 Pol.
204 4418 310 4486 XXXV,
329 4428 353 4476 2.
379 4421 450 4490 App.
464 4421 538 4489 VIII,
558 4425 598 4476 31.
632 4421 708 4490 HIsp.
728 4427 769 4476 49.
798 4421 873 4477 (lass.
890 4421 970 4477 Dion.
987 4421 1021 4476 fr.
1040 4422 1140 4488 XLHI,
1159 4425 1201 4476 27.
1226 4422 1310 4491 LVII,
1328 4429 1370 4479 36.

57 4535 58 4562 r
144 4506 243 4565 LXXIX
259 4513 309 4568 Dd.
335 4513 475 4578 XXXVII,
493 4517 518 4566 2.
543 4513 607 4568 Sall.
626 4514 681 4582 lug.
700 4513 826 4571 XXVIII.
853 4515 927 4571 Fest.
946 4533 972 4586 p.
992 4521 1049 4572 341.
1075 4515 1173 4571 Zonar.
1192 4514 1239 4583 ΙΧ,
1258 4520 1299 4570 22.
1327 4517 1370 4572 De

57 4615 59 4630 ³
144 4600 194 4658 villa
209 4606 314 4676 publica
331 4624 354 4661 v.
373 4623 399 4676 p.
414 4611 443 4660 11
457 4606 518 4662 adn.
531 4611 554 4661 3.
