3424 5296
773 617 941 695 CAPUT
967 619 1015 692 II.

590 807 648 870 DII
670 803 935 872 LEGATORUM
958 799 1199 869 OOMI'IIBUS.
1274 845 1278 852 -

679 991 717 1055 A.
746 989 948 1056 Sociorum
971 987 1109 1070 legati.

359 1144 512 1224 Quamvis
539 1148 625 1208 certa
653 1141 837 1208 testimonia
865 1140 986 1222 desint,
1015 1138 1370 1220 sociorum'lcgationes
1391 1156 1520 1220 semper

275 1275 345 1322 cum
368 1253 534 1320 comitibus
555 1251 698 1334 uenisse,
728 1271 767 1316 en
790 1250 951 1316 nonnullis
960 1253 981 1328 ¹)
1006 1255 1114 1314 tamen
1136 1248 1324 1332 scriptorum
1345 1247 1423 1312 locis
1444 1266 1519 1312 con-

275 1364 402 1432 cludere
417 1384 483 1428 non
497 1363 688 1445 dubitamus,
705 1362 786 1426 nulli
801 1359 953 1443 legationi
968 1359 1151 1424 comitatum
1167 1358 1314 1439 defuisse,
1330 1357 1517 1441 pracsertim

274 1475 301 1541 si
323 1493 479 1540 memores
500 1493 623 1555 sumus,
652 1471 894 1548 Romanorum²)
924 1488 1048 1551 quoquc
1068 1469 1245 1551 legatorum
1267 1467 1365 1534 luisse
1387 1467 1519 1533 comites

275 1591 307 1650 et
336 1585 492 1668 ingenuos
521 1590 553 1649 et
574 1602 683 1648 servos
705 1587 737 1647 et
758 1581 933 1646 libertinos.
977 1579 1042 1645 Sed
1064 1579 1131 1644 ficri
1153 1598 1217 1642 non
1239 1584 1359 1660 potest,
1386 1584 1421 1643 ut
1443 1597 1519 1642 enu-

273 1695 429 1776 cleemus,
459 1699 534 1776 quot
562 1691 693 1757 comites
720 1691 890 1756 habuerint
917 1689 1111 1773 legationes,
1143 1708 1213 1754 cum
1241 1708 1282 1754 ne
1302 1709 1366 1754 uno
1388 1687 1518 1771 quidem

207 1800 216 1814 ‘
274 1805 344 1869 loco
381 1802 504 1868 numeri
540 1801 689 1866 comitum
726 1801 843 1866 mentio
879 1799 942 1865 fiat.
996 1797 1088 1878 Quod
1122 1804 1228 1864 autem
1260 1797 1445 1864 Athenaeus
1477 1795 1518 1860 V.

275 1933 306 1996 p.
329 1915 389 1976 273
402 1913 441 1977 A.
463 1911 604 1991 tradidit,
626 1916 747 1976 tantam
770 1909 867 1976 luisse
882 1911 917 1974 P.
933 1909 1091 1992 Scipionis
1106 1908 1246 1974 AirIcani
1269 1906 1517 1992 simpliditatcm,

274 2030 309 2086 ut
337 2043 459 2106 semper
487 2042 558 2086 eum
587 2023 721 2107 quiaque
749 2020 832 2086 servi
861 2019 1000 2084 comitati
1029 2023 1152 2099 essent,
1181 2025 1310 2085 nostrae
1338 2015 1518 2100 quaestioni

274 2131 460 2196 adiumento
489 2151 560 2197 esse
587 2152 652 2196 non
681 2137 794 2214 potest.
840 2133 989 2194 Attamen
1012 2165 1053 2174 —-
1075 2128 1137 2194 nisi
1158 2129 1252 2193 fallor
1273 2165 1315 2174 -—
1336 2129 1371 2194 in
1392 2127 1519 2192 unirer-

275 2263 343 2307 sum
374 2262 431 2306 nos
459 2241 600 2306 iudicare
628 2232 811 2323 possumus,
840 2239 970 2304 comites
997 2238 1192 2321 legationum
1222 2258 1259 2302 eo
1281 2239 1389 2321 plures
1411 2237 1518 2318 fulsse,

275 2373 337 2436 quo
360 2354 454 2436 plura
476 2359 508 2417 et
529 2350 685 2433 ampliora
707 2349 792 2414 dona
816 2356 846 2414 et
868 2369 999 2415 munera
1021 2349 1098 2414 socii
1113 2349 1265 2413 Romanis
1287 2347 1475 2413 afferebant.

797 2490 833 2599 Β..
856 2536 995 2618 Reges.

361 2674 441 2738 Item
470 2673 562 2737 nulla
591 2671 657 2738 lere
685 2670 866 2736 testimonia
895 2677 1007 2736 extant
1032 2670 1073 2736 dc
1094 2690 1202 2752 regum
1225 2669 1280 2752 qui
1301 2671 1435 2736 Romam
1456 2671 1520 2754 ipsi

275 2789 430 2850 venerunt
458 2782 618 2848 comitatu.
663 2781 795 2863 Semper
823 2787 927 2846 autem
957 2787 1172 2864 exspectatum
1202 2799 1273 2846 esse
1294 2799 1404 2863 regum
1426 2781 1522 2846 eomi-

275 2900 377 2958 tatum
399 2892 702 2976 splendidissimum,
726 2911 825 2958 exeo
848 2897 991 2975 apparet,
1015 2890 1109 2974 quod,
1132 2911 1203 2956 cum
1224 2891 1426 2956 Ptolemaeus
1448 2890 1523 2954 Phi·

274 3005 410 3068 lometor
445 3023 465 3068 a
501 3003 623 3068 minore
658 3001 756 3068 fratre
785 3001 979 3078 (Ptolemaeo
1009 3001 1188 3084 Physcone)
1225 3021 1243 3066 e
1274 3019 1373 3084 regno
1409 3000 1522 3084 pulsus

275 3134 305 3178 a.
323 3109 457 3193 asellos
479 3111 603 3177 veniret
624 3111 757 3176 Romam
780 3131 850 3176 cum
873 3117 1019 3194 quattuor
1040 3111 1141 3176 serVIs
1163 3109 1196 3176 ἓν
1220 3109 1354 3175 ἰδιώτου
1378 3107 1522 3196 σχήματι

276 3220 394 3304 οἰκτρῷ
424 3255 465 3266 -
494 3227 528 3285 ut
550 3220 682 3285 Diodori
711 3221 817 3286 verbis
839 3227 911 3286 utar
932 3256 989 3299 -,
1019 3227 1149 3287 senatus
1171 3241 1288 3304 magna
1308 3217 1522 3287 admiratione

274 3330 483 3408 tenebatur³).
521 3329 610 3409 Quae
632 3350 702 3396 cum
725 3331 770 3396 ita
792 3332 864 3414 sint,
888 3330 1056 3413 scriptores
1064 3333 1086 3408 Ἰ
1108 3351 1219 3414 regum
1241 3330 1415 3398 adventum
1438 3351 1523 3396 corn·

275 3447 488 3507 memorantes
515 3459 678 3522 nunquam
707 3442 905 3508 occasionem
930 3441 1182 3524 praetermittere
1204 3442 1308 3507 solent
1330 3441 1457 3507 dicendi
1480 3440 1524 3508 de

277 3548 448 3633 splendido
480 3569 587 3616 eorum
609 3551 775 3634 comitatu,
804 3551 861 3617 sed
883 3553 1059 3616 accuratius
1080 3571 1245 3617 numerum
1267 3572 1332 3616 non
1355 3551 1521 3618 definiunt.

276 3661 360 3724 Nam
383 3659 529 3743 Procopii
537 3661 558 3738 ⁵)
587 3659 817 3742 testimonium,
848 3681 865 3727 e
895 3682 956 3745 quo
986 3660 1142 3728 Ohosrocs
1172 3661 1361 3744 quingentos
1390 3662 1523 3728 comites
1553 3669 1557 3682 '

348 3895 370 3959 1)
390 3893 444 3948 cit.
463 3893 554 3948 Flacc.
573 3894 671 3949 XVIII.
689 3894 748 3950 Lis.
767 3895 852 3964 XXX,
869 3901 908 3950 17.
926 3895 1025 3962 XLIII,
1035 3901 1058 3949 t.
1076 3895 1206 3966 Micythio
1225 3895 1295 3950 enim
1307 3893 1524 3950 Chalcidensium

275 3986 426 4054 legatorum
447 3987 574 4056 priuoeps
599 4003 660 4042 cum
680 3988 794 4057 pedihus
813 3991 908 4057 captus
925 3989 1024 4044 lectIoa
1040 3989 1068 4043 in
1086 3991 1209 4044 senatum
1226 3987 1407 4051 introieratun
1425 4002 1475 4057 per
1491 4001 1525 4042 se

277 4082 360 4148 patet,
385 4093 477 4134 servos
495 4079 565 4134 iuter
583 4081 694 4136 comites
712 4081 792 4136 huius
811 4081 949 4149 legationis
967 4081 1059 4137 fuisse.
1146 4086 1171 4148 Ι)
1189 4081 1246 4137 Pol.
1263 4081 1391 4146 XXXIII,
1410 4086 1434 4134 t.
1464 4080 1522 4139 cto.

277 4171 362 4226 Acad.
380 4171 426 4248 III,
445 4177 468 4236 2,
489 4176 514 4226 8.
547 4189 570 4228 r.
589 4173 696 4243 Paulyi:
721 4174 848 4229 Realene.
866 4180 886 4228 t.
904 4175 939 4240 II,
958 4179 1015 4230 523.
1050 4173 1234 4243 MarquardtI:
1252 4175 1330 4230 Rom.
1349 4173 1521 4230 Staatsrerrr.

276 4280 302 4333 p.
324 4268 382 4318 290.
420 4265 594 4320 Mommseni:
620 4266 696 4322 Rom.
715 4269 828 4322 Staatsr.
846 4267 867 4332 Ι,
887 4273 936 4322 250
954 4284 993 4337 sq.
1079 4273 1103 4326 Il
1122 4268 1182 4324 Vel.
1199 4269 1272 4324 Max.
1290 4268 1363 4332 V.I,
1386 4273 1405 4320 l.
1441 4266 1524 4322 Diod.

277 4357 378 4423 XXXI,
398 4363 428 4412 18
446 4357 526 4416 Dind.
606 4365 631 4424 4)
648 4359 707 4413 Pol.
725 4359 863 4428 XXXVII,
883 4366 921 4415 13.
947 4361 1090 4416 (lieven.
1108 4362 1142 4428 II,
1161 4367 1185 4429 4,
1205 4367 1244 4416 30.
1269 4361 1363 4418 Rabir.
1381 4361 1455 4416 Post.
1472 4359 1524 4430 III,

168 4447 169 4452 ’
278 4455 301 4503 6.
321 4449 376 4502 LIr.
395 4449 480 4518 XLII,
500 4455 539 4505 39.
557 4451 658 4518 XLIII,
677 4457 699 4506 5.
717 4452 800 4521 XLV,
820 4459 860 4508 14.
929 4456 955 4519 5)
972 4453 1088 4522 Procop.
1106 4455 1138 4510 de
1155 4455 1225 4510 bello
1243 4455 1318 4509 Pers.
1335 4453 1370 4522 Π,
1389 4458 1421 4508 28
1439 4453 1523 4510 Dind.

277 4542 365 4593 ταῦτα
373 4542 502 4613 Χοσρόης
510 4543 717 4614 βεβουλευμένος
728 4538 895 4614 Ἰσδιγούναν
906 4540 944 4604 οἷς
956 4544 998 4599 ἐπὶ
1010 4547 1140 4617 πρεσβείᾳ
1152 4546 1238 4611 δῆθεν
1248 4550 1285 4614 τῷ
1298 4544 1371 4616 λόγῳ
1384 4543 1411 4604 ἒς
1420 4545 1525 4606 Βυζάν-

278 4652 339 4686 τιον
357 4635 455 4689 στέλλει
473 4636 517 4688 καὶ
537 4635 599 4694 τοὺς
618 4639 731 4707 Περσῶν
747 4633 906 4708 ἀριστίνδην
924 4638 1119 4710 ἀπολεξάμενος
1135 4640 1329 4697 πεντακοσίους
1343 4639 1523 4709 ξονέπεμψεν.
