3424 5296
683 357 894 417 ...51-

687 587 890 672 B.Reges

255 681 280 737 1.
303 671 411 736 Locus
432 673 539 738 166116.

249 785 355 867 Reges
376 785 511 850 Romam
532 782 700 849 venientes
726 801 798 848 oum
819 803 945 867 semper
966 784 1069 867 magle
1090 783 1239 849 honorari
1262 785 1413 867 solerent,

157 915 261 979 quam
283 895 472 979 populorum
495 893 603 976 legati,
626 893 741 958 mirum
762 915 828 960 non
850 901 909 977 est,
932 895 1017 978 quod
1034 896 1068 960 in
1084 914 1138 961 eos
1153 895 1186 960 in
1202 894 1415 978 hospitalibus

157 1024 289 1090 quoque
317 1002 511 1088 praebendis
539 1001 676 1068 Romani
708 1023 831 1070 summe
859 1003 990 1071 officiosi
1019 1012 1119 1072 erant.
1163 1006 1213 1070 lta
1240 1005 1415 1088 Masgabae

156 1115 355 1182 Masinissae
383 1113 447 1178 filio
469 1113 609 1179 Puteolis
637 1133 722 1180 nave
744 1133 872 1198 egresso
899 1135 928 1180 6.
952 1117 1089 1192 5861168
1118 1121 1245 1199 praesto
1274 1115 1333 1180 fuit
1360 1115 1415 1180 ob·

157 1226 250 1292 viam
279 1225 394 1290 6116666
422 1241 493 1290 oum
521 1223 658 1306 pecunia
682 1225 719 1289 L.
741 1224 880 1292 Manlius
908 1233 1072 1308 quaestor,
1102 1226 1155 1308 qui
1177 1226 1311 1290 Romam
1342 1244 1413 1289 eum

157 1335 292 1420 publico
314 1340 442 1418 sumptu
463 1332 653 1417 perduceret
673 1329 757 1417 (Liu.
780 1333 880 1418 XLV,
907 1338 973 1418 13),
997 1332 1109 1400 eodem
1133 1355 1219 1400 anuo
1242 1335 1278 1399 L.
1302 1334 1414 1400 Sterti-

156 1447 236 1512 nius
259 1449 407 1528 quaestor
428 1442 643 1509 Brundusium
665 1449 715 1510 est
736 1443 852 1510 missus
873 1443 916 1510 ad
938 1443 1144 1529 Misagenem,
1167 1447 1303 1512 alterum
1321 1445 1415 1512 Masi-

157 1557 273 1622 nissae
293 1553 408 1634 filium,
438 1572 587 1636 aegrum,
617 1555 671 1636 qui
693 1560 833 1638 curaret,
867 1559 902 1618 61
924 1553 1022 1620 aedes
1040 1553 1182 1638 bospitio
1204 1556 1288 1638 regi,
1319 1555 1413 1622 simul

156 1667 272 1732 omnia
286 1683 369 1748 quae
383 1663 427 1728 ad
440 1663 658 1730 valetudiuem
675 1684 754 1748 opus
769 1670 888 1747 essent,
904 1665 1134 1748 praeberentur
1149 1665 1231 1744 (Liv.
1243 1665 1343 1749 XLV,
1363 1672 1412 1730 14.

155 1777 236 1843 val.
259 1776 344 1841 Max.
367 1776 405 1840 V.
427 1773 453 1856 I,
480 1777 518 1852 1).

248 1886 330 1952 Item
351 1883 484 1950 Prusiae
511 1883 547 1948 L.
572 1883 738 1950 Cornelius
761 1884 868 1968 Scipio
898 1892 1048 1968 quaestor
1074 1887 1202 1952 ovaam
1228 1885 1343 1952 missus
1366 1892 1414 1952 est

154 2017 188 2063 6.
228 1995 379 2076 5871167,
417 1994 472 2078 qui
508 2015 580 2061 eum
617 1998 746 2078 sumptu
781 1995 909 2078 publico
941 1997 1075 2062 Romam
1109 1994 1297 2080 perduceret
1330 1996 1412 2074 (Lis.

153 2105 263 2188 XLV,
286 2107 350 2183 441.
394 2106 507 2188 Itaque
535 2123 606 2172 eum
634 2105 837 2171 Ptolemaeus
859 2105 1054 2172 Philometor
1085 2126 1104 2172 e
1130 2125 1230 2189 regno
1261 2107 1412 2189 expulsus

153 2219 297 2284 Romam
326 2236 357 2282 a.
386 2217 521 2292 5891165
554 2215 637 2280 elam
668 2215 824 2297 venisset,
857 2223 988 2282 senatus
1016 2217 1221 2283 excusatione
1249 2237 1325 2282 6666
1354 2222 1412 2297 661,

156 2325 249 2412 quod
272 2331 472 2408 quaestorem
494 2325 542 2418 illi
564 2345 652 2390 more
673 2326 828 2391 maiorum
851 2325 979 2392 obviam
995 2345 1060 2392 non
1075 2327 1222 2407 misisset,
1245 2327 1280 2391 id
1294 2326 1412 2391 lactum

155 2456 235 2504 esse
258 2437 327 2502 eius
349 2435 454 2502 subito
476 2441 509 2500 61
531 2433 729 2502 clandestino
750 2435 902 2504 adventu.
936 2436 1020 2516 (Val.
1041 2437 1126 2502 Max.
1143 2435 1180 2500 V.
1203 2437 1229 2517 I,
1255 2441 1293 2514 1).
1323 2435 1413 2516 Quae

154 2567 234 2614 cum
256 2545 302 2611 116
323 2545 396 2628 6161,
419 2545 453 2610 16
474 2545 658 2612 universum
680 2545 776 2612 616161
798 2546 883 2626 11661,
905 2547 1034 2630 regibus
1049 2547 1144 2613 sociis
1159 2547 1413 2628 auctoritateque
1440 2626 1443 2633 ,

152 2655 348 2724 florentibus
382 2674 401 2720 6
432 2661 563 2722 6666166
595 2656 738 2721 66666116
771 2661 972 2738 quaestorem
1001 2656 1129 2721 obviam
1158 2657 1240 2722 mitti
1269 2658 1410 2735 solere¹).

153 2769 275 2849 Itaque
298 2773 330 2832 61
350 2765 528 2845 Athenaeo,
552 2765 704 2832 Eumenis
725 2764 814 2832 fratri
837 2785 867 2830 a.
891 2769 1025 2840 5711183
1049 2766 1129 2840 (Ροί.
1145 2766 1268 2848 XXIV,
1290 2772 1317 2831 1.
1340 2767 1409 2832 Liv.

154 2876 321 2960 XXXIX,
345 2879 398 2950 461
421 2881 453 2939 61
473 2875 581 2940 Attalo
604 2875 733 2958 eiusque
755 2875 905 2942 fratribus
928 2877 1009 2956 (Pol.
1031 2875 1136 2958 XXV,
1160 2880 1190 2950 61
1214 2896 1243 2941 6.
1264 2869 1411 2958 57411811,

156 2993 196 3053 61
217 2986 353 3052 Eumeni
381 3005 412 3051 a.
436 2987 572 3062 5821172
598 2986 679 3064 (Liv.
702 2985 805 3068 XLII,
832 2989 882 3063 14)
912 2992 944 3053 61
972 2987 1082 3052 Attalo
1112 3005 1141 3052 a.
1166 2988 1299 3064 5871167
1330 2987 1411 3064 (Ρ61.
1470 3013 1473 3021 ·

154 3096 272 3177 XXX,
297 3100 326 3162 3.
349 3096 418 3160 Liv.
441 3096 539 3178 XLV,
565 3099 643 3173 19²).
675 3095 769 3162 Diod.
792 3095 917 3179 XXXI,
942 3101 972 3174 71
995 3101 1028 3163 61
1049 3097 1160 3162 Α11616
1181 3097 1412 3180 Athenaeoque

155 3229 192 3273 a.
216 3208 351 3282 5961164
380 3206 461 3283 (Ρ61.
484 3206 610 3288 XXXI,
634 3211 665 3286 9)
695 3213 726 3273 et
753 3209 880 3290 Attalo,
911 3207 1065 3273 Eumenis
1093 3205 1193 3271 filiolo
1222 3227 1252 3272 a.
1276 3211 1411 3284 6201152

156 3317 245 3398 (Ρ61.
266 3315 408 3398 XXXII,
434 3319 484 3393 16)
508 3323 540 3382 61
561 3317 724 3382 Α116161111
745 3337 775 3382 6.
798 3317 912 3397 709145
935 3317 1078 3395 (816611
1101 3318 1165 3382 Att.
1181 3317 1273 3399 XIII,
1297 3320 1326 3398 2,
1351 3318 1410 3394 2)³)

157 3434 365 3513 quaestorem
394 3446 465 3493 6666
493 3427 622 3493 obviam
644 3427 792 3508 missum,
822 3427 881 3492 6161
904 3427 991 3510 apud
1013 3427 1183 3510 scriptores
1205 3425 1324 3492 diserte
1346 3447 1411 3492 non

157 3543 436 3618 commemoratur,
459 3543 567 3604 tamen
590 3537 780 3604 concludere
801 3557 867 3602 non
889 3536 1081 3603 dubitamus.

249 3649 362 3730 Itaque
384 3647 519 3714 Eumeni
542 3666 676 3730 quoque,
699 3667 769 3712 oum
792 3655 922 3714 senatus
944 3647 1155 3730 cognovisset,
1178 3665 1251 3712 eum
1272 3646 1312 3711 iis
1334 3652 1412 3733 tem-

156 3759 292 3843 poribus
307 3757 461 3824 Romanis
478 3757 566 3823 haud
587 3757 633 3822 116
655 3766 820 3841 aooeptum
834 3757 1050 3824 Brundusium
1072 3757 1200 3821 venisse
1214 3757 1411 3837 Romamque

1 3929 2 3940 ,
53 3901 60 3916 ·
159 3887 237 3934 esse
257 3868 468 3952 profecturum
492 3869 572 3946 (Pol.
595 3868 704 3950 XXX,
730 3873 796 3951 17),
819 3869 892 3952 lege
913 3869 1027 3950 lasau,
1050 3887 1092 3933 ne
1114 3866 1164 3932 661
1179 3865 1255 3948 regi
1276 3866 1411 3932 Romam

158 3977 277 4044 venire
298 3979 417 4061 liceret,
441 3987 589 4062 quaestor
611 3977 739 4045 obviam
761 3980 876 4047 missus
898 3985 955 4060 est,
979 3977 1033 4060 qui
1048 3996 1119 4042 eum
1134 3971 1313 4060 impediret,
1337 3997 1411 4059 quo·

160 4087 270 4154 minus
291 4089 424 4152 Romam
447 4089 580 4156 veniret.

133 4187 142 4210 b

235 4349 259 4412 11
276 4364 299 4402 ι.
310 4347 483 4404 Mommseni:
502 4349 580 4403 Rom.
600 4348 714 4404 Staatsr.
731 4349 766 4413 II,
787 4355 809 4415 1,
828 4352 886 4403 519.
956 4348 981 4412 ⁴2)
998 4344 1057 4399 Liv.
1075 4345 1094 4400 1.
1113 4361 1136 4400 6.
1147 4342 1268 4398 ‘Attalus
1286 4343 1409 4400 omnibus

159 4440 312 4496 honoribus
330 4442 539 4511 muneribusque
556 4447 583 4497 et
600 4457 730 4511 praesens
745 4446 787 4496 est
800 4441 889 4496 cultus
902 4445 929 4494 61
944 4437 1157 4507 proficiscentem
1168 4437 1306 4506 prosecuti
1323 4434 1408 4492 sunt'.

160 4537 188 4597 31
207 4533 288 4603 Apud
305 4533 513 4589 Mommsenum:
533 4534 610 4588 Rbm.
622 4535 735 4590 Staatsr.
748 4535 783 4602 Π,
799 4539 821 4598 1,
837 4538 886 4588 519
905 4531 992 4588 adn.3
1011 4531 1081 4588 Ialso
1098 4531 1208 4586 allatum
1227 4535 1268 4585 est
1284 4524 1329 4585 ‘ad
1345 4529 1408 4586 fam.

160 4625 238 4688 XIII,
257 4630 281 4692 2,
299 4623 332 4680 2?
411 4632 438 4693 41
460 4627 539 4681 Η666
556 4629 641 4698 legem
659 4642 851 4697 nonnunquam
869 4626 1019 4696 neglectam
1037 4639 1108 4692 esse,
1127 4639 1161 4678 ex
1179 4623 1322 4694 exemplis,
1341 4639 1409 4692 quae

160 4734 248 4788 supra
266 4720 414 4788 6116111666,
431 4725 553 4791 apparet.
1316 4777 1317 4781 ,

1169 4807 1185 4855 4
1191 4805 1206 4838 ss
