3424 5296
808 291 1018 388 ..qq-

374 463 518 546 Ipsorum
541 468 647 527 autem
670 460 833 528 foederum
856 461 917 524 duo
940 468 1031 528 erant
1052 479 1181 544 genera,
1205 480 1337 543 quorum
1360 461 1495 528 alterum

366 571 487 656 foedus
508 593 639 658 aequum
660 573 750 638 solae
771 571 917 637 civitates
938 577 1097 655 potestate
1117 589 1212 655 pares
1233 571 1280 636 ita
1300 571 1385 636 inter
1408 591 1444 638 ee
1466 591 1539 638 oon-

289 684 419 750 stituere
441 682 605 763 solebant,
629 689 663 747 ut
684 682 809 765 legibus
830 682 904 748 aliis
925 700 1030 764 neque
1052 680 1146 747 dictis
1167 699 1272 764 neque
1292 681 1434 765 acceptis
1455 681 1537 748 iure·

288 792 423 860 iurando
445 812 484 858 ac
505 791 569 860 fide
589 793 672 858 iuter
693 812 728 858 se
750 778 920 874 sancirent,
943 809 985 858 ne
1005 792 1109 858 altera
1129 793 1265 858 alteram
1280 791 1442 858 civitatem
1457 792 1538 860 cius·

288 925 351 988 que
379 903 481 971 socios
508 904 728 988 impugnaret,
757 902 815 968 sed
843 908 878 966 ut
906 902 1001 967 etiam
1029 902 1063 967 in
1085 901 1180 968 bellis
1201 921 1271 968 cum
1293 899 1367 968 aliis
1388 901 1538 986 gentibus

290 1014 441 1099 gerendis
470 1014 606 1080 invicem
632 1013 693 1079 sibi
716 1013 869 1078 auxilium
891 1012 1018 1078 ferrent.
1062 1011 1127 1078 Sed
1152 1031 1222 1077 cum
1244 1013 1460 1078 Romanorum
1482 1033 1536 1098 po·

288 1131 388 1191 testas
410 1123 513 1207 magis
534 1125 700 1206 magisque
722 1130 893 1204 cresceret,
916 1123 1105 1206 populorum
1127 1121 1238 1205 aequis
1259 1121 1442 1190 foederibus
1464 1143 1538 1190 con·

287 1235 466 1301 iunctorum
493 1235 714 1300 auctoritatem
741 1233 884 1320 minuere
913 1231 1101 1314 studebant,
1131 1239 1166 1298 ut
1193 1231 1324 1300 foedera
1344 1233 1403 1299 illa
1424 1254 1481 1319 per
1502 1254 1538 1302 se

288 1366 392 1429 aequa
419 1364 454 1412 re
483 1365 560 1412 vera
584 1364 649 1410 non
670 1344 736 1410 iam
757 1363 861 1426 aequa
882 1349 1057 1408 manerent.
1101 1343 1152 1407 lta
1173 1342 1287 1409 Italiae
1308 1343 1466 1410 inferioris
1488 1365 1540 1410 ur·

289 1457 383 1522 bibus
415 1456 526 1539 aequis
558 1454 740 1520 foederibus
769 1474 839 1520 cum
867 1455 1030 1519 Romanus
1057 1451 1233 1519 coniunctis
1261 1473 1327 1519 uon
1355 1454 1457 1520 solum
1487 1455 1537 1520 ius

290 1565 498 1648 dempserunt
519 1565 595 1630 belli
619 1584 678 1629 sua
698 1569 813 1648 sponte
834 1562 967 1646 gerendi
988 1561 1047 1628 sed
1066 1564 1161 1629 etiam
1175 1564 1382 1630 iniunxerunt
1396 1563 1537 1649 officium

289 1677 423 1742 Romam
444 1696 567 1759 semper
587 1674 813 1740 mittendarum
835 1673 1037 1738 auxiliarium
1059 1674 1262 1756 copiarumb.

373 1784 439 1851 Sed
468 1784 589 1850 foederi
610 1784 747 1850 formula
767 1783 895 1850 adiecta
916 1783 978 1849 bac
1000 1792 1057 1860 ,ut
1076 1785 1103 1845 r'e
1122 1785 1256 1868 populus
1278 1785 1408 1848 alteriue
1424 1785 1540 1868 populi

289 1898 480 1958 nror'eetotem
509 1896 639 1957 comiter
667 1898 888 1958 συνεπωθεῖ(
918 1894 1037 1960 diserte
1058 1892 1340 1976 significabatur¹),
1369 1895 1459 1960 illum
1481 1913 1537 1978 pc·

290 2008 399 2090 pulum
421 2005 455 2070 in
478 2005 641 2089 superiore
662 2004 851 2070 condicione
872 2023 1050 2087 causaeque
1072 2003 1165 2087 poni,
1188 2004 1277 2070 euius
1299 2004 1452 2071 maiestas
1472 2004 1538 2071 foe

290 2116 375 2183 deris
403 2117 567 2182 sanatione
596 2114 830 2181 defenderetur.
874 2114 924 2178 Ita
952 2112 1049 2179 fiebat
1076 2112 1221 2180 condicio
1243 2115 1326 2182 inter
1347 2117 1482 2181 Romam
1504 2122 1537 2180 et

289 2227 424 2292 alteram
462 2225 640 2306 civitatem,
681 2207 776 2308 quam
809 2223 932 2289 Procul.
967 2225 1038 2307 Dig.
1074 2227 1132 2305 49,
1169 2231 1223 2305 15,
1258 2228 1275 2288 7
1315 2227 1335 2305 ξ
1367 2229 1381 2289 1
1417 2225 1536 2308 optime

290 2341 418 2406 enarrat
438 2336 490 2402 his
512 2335 614 2413 „liber
635 2340 741 2401 autem
764 2335 901 2419 populus
924 2343 972 2400 θεῖ
993 2335 1030 2414 ἱε,
1054 2335 1108 2417 qui
1129 2335 1249 2402 nullius
1270 2334 1403 2400 alterius
1424 2334 1536 2418 populi

289 2445 440 2530 potestati
462 2452 510 2510 est
531 2444 707 2527 subiectus,
737 2445 765 2510 is
787 2444 970 2511 foederatus
992 2453 1040 2510 est
1061 2445 1153 2527 item,
1184 2445 1252 2512 eive
1276 2464 1378 2528 aequo
1407 2444 1538 2512 foedere

289 2557 322 2621 iu
351 2555 523 2622 amicitiam
551 2556 639 2622 venit
667 2555 735 2621 sive
764 2554 893 2622 loedere
915 2555 1176 2638 comprehensum
1200 2565 1264 2637 est,
1292 2561 1328 2620 ut
1348 2556 1377 2619 is
1399 2557 1537 2639 populns

289 2666 421 2732 alterius
441 2666 552 2750 populi
574 2666 773 2732 maiestatem
795 2665 926 2730 comiter
947 2671 1160 2732 conservaret.
1194 2665 1262 2732 Hoc
1277 2665 1362 2731 euim
1377 2663 1535 2745 adiicitur,

289 2782 324 2840 ut
346 2775 568 2860 intellegatur,
590 2777 732 2842 alterum
761 2776 913 2859 populum
935 2775 1131 2859 superiorem
1153 2795 1239 2856 esse,
1269 2795 1334 2841 nou
1356 2781 1391 2840 ut
1412 2775 1536 2842 intelle·

290 2891 392 2967 gutur,
415 2886 550 2951 alterum
573 2906 637 2951 nou
660 2906 731 2953 esse
753 2887 904 2951 liberum:
928 2891 959 2951 et
981 2884 1249 2968 quemadmodum
1264 2885 1396 2952 clientes
1412 2893 1537 2952 nostros

289 2995 497 3078 intelligimus
518 2997 636 3062 liberos
659 3017 745 3077 esse,
769 2994 893 3062 etiamsi
916 3014 1021 3078 neque
1042 2996 1231 3062 austeritate
1252 3013 1358 3079 neque
1380 2994 1537 3079 dignitate

395 3106 488 3172 nobis
516 3126 611 3190 pares
640 3116 730 3187 sunt,
760 3106 805 3172 sic
834 3125 889 3172 eos
918 3106 972 3188 qui
1000 3107 1199 3173 maiestatem
1232 3111 1375 3172 nostram
1404 3107 1537 3171 comiter

290 3235 480 3282 conservare
502 3215 630 3298 debent,
653 3217 771 3282 liberos
792 3235 864 3282 esse
885 3214 1129 3298 intelligendum
1152 3220 1231 3282 est.“

375 3327 496 3392 Horum
518 3333 624 3392 autem
646 3326 809 3392 foederum
832 3327 1009 3412 iniquorum
1032 3326 1095 3392 duo
1117 3334 1209 3393 erant
1229 3345 1358 3410 genera.

375 3438 400 3501 l.
423 3437 529 3503 Unum
548 3444 626 3518 erat,
649 3455 718 3502 cum
734 3435 820 3502 bello
834 3437 927 3502 victis
940 3435 1120 3502 dicerentur
1133 3437 1232 3520 leges,
1255 3435 1309 3502 ubi
1326 3435 1356 3502 ei
1371 3435 1426 3519 qui
1439 3435 1538 3502 armis

289 3546 433 3630 superior
452 3545 564 3630 fuerat,
587 3553 656 3612 erat
673 3546 849 3628 arbitrium,
872 3565 954 3630 quac
976 3565 1017 3611 ex
1039 3545 1132 3612 bonis
1153 3545 1226 3610 victi
1246 3544 1431 3628 retinerent,
1454 3566 1537 3629 quae

289 3658 479 3723 omitterent.
495 3656 546 3721 Ita
555 3657 615 3722 huc
625 3657 793 3723 occasione
802 3656 879 3721 data
889 3657 1024 3722 Romani
1037 3655 1208 3723 decernere
1219 3655 1406 3740 solebantb,
1417 3657 1536 3740 captivi

289 3767 534 3850 transfugasque
555 3765 773 3846 redderentur,
795 3767 933 3851 pecunia
954 3766 1082 3833 daretur
1103 3766 1146 3833 ad
1167 3766 1245 3833 belli
1265 3773 1425 3850 sumptum
1447 3770 1537 3833 resti-

289 3875 450 3958 tuendum,
467 3895 614 3959 agrorum
630 3898 704 3961 pars
720 3883 775 3942 aut
786 3875 940 3942 Romanis
954 3883 1009 3942 aut
1024 3877 1092 3943 eius
1107 3877 1201 3944 sociis
1216 3876 1441 3960 assignaretur,
1458 3877 1535 3943 alia.

290 3985 412 4065 Quibus
439 3987 617 4053 constitutis
648 3987 701 4071 qui
729 3987 826 4052 armis
853 3987 984 4052 inferior
1012 3987 1115 4054 luerat
1144 3993 1199 4054 aut
1228 3987 1310 4054 liber
1334 3995 1366 4054 θῖ
1387 3987 1435 4054 sui
1457 3988 1536 4054 iuris

289 4096 441 4161 manebat
462 4102 517 4161 aut
538 4095 659 4165 foederi
680 4097 818 4164 formula
838 4096 964 4163 adiecta
986 4116 1086 4181 equa
1099 4097 1268 4164 iubebatur
1283 4095 1412 4166 eosdem
1427 4098 1538 4164 hostes

290 4214 321 4272 θῖ
342 4207 462 4271 amicos
483 4205 611 4290 habere,
634 4214 730 4291 atque
752 4209 889 4292 populus
909 4209 1083 4290 Romanus,
1106 4208 1210 4274 socius
1232 4205 1368 4282 fiebat¹).

373 4316 414 4381 ΙΙ.
437 4316 581 4382 Alterum
603 4324 672 4384 erat
692 4338 808 4401 genus,
838 4337 908 4384 cum
939 4317 993 4401 qui
1021 4319 1129 4384 hostes
1150 4336 1313 4402 nunquam
1335 4316 1472 4383 fuissent
1492 4316 1537 4383 ad

289 4427 460 4493 amicitiam
490 4427 601 4494 sociali
629 4427 758 4496 loedere
785 4431 869 4495 inter
896 4448 931 4496 se
958 4427 1153 4512 iungendam
1182 4429 1314 4494 coirent.
1357 4425 1459 4494 Huius
1480 4445 1538 4511 ge·

363 4671 385 4722 tt
410 4662 643 4731 v..Marquardtii:
663 4663 739 4719 Rom.
758 4663 927 4719 Staatsrerrr.
946 4669 964 4716 t.
983 4663 1004 4730 1,
1023 4679 1048 4732 p.
1068 4668 1109 4718 et.
